@Article{Glashow, 
 author = "S.L.Glashow",
 year = "1961",
 journal = "Nuclear Physics",
 volume = "22",
 page = "279"
}

@Article{Salam, 
 author = "A.Salam",
 year = "1962",
 journal = "Physics Review",
 volume = "127",
 page = "331"
}

@Article{Weinberg, 
 author = "S. Weinberg",
 year = "1967",
 journal = "Physics Review Letter",
 volume = "19",
 page = "1264"
}

@book{QCD,
 title = "Gauge Field Theories",
 author = "C.Quigg",
 year = "1983",
 publisher = "McGraw-Hill Book Company "
}


@book{expBook,
  title = "Physics TDR Vol 1. Detector Performance and Software", 
  author = "{CMS Collaboration}",
  year = "2006"
}

@book{particlebook1,
 author = "{David Griffiths}",
 title     =  "Introduction to Elementary Particles",
 year  =  "2008",
 publisher = "Wiley-VCH Verlg GmbH \& Co.KGaA"
}

@book{feynman,
   title = "An introduction to quantum field theory",
   author = "Peskin, Michael Edward and Schroeder, Daniel V.",
   series = "Advanced book program",
   publisher = "Westview Press Reading (Mass.)",
   address = "Boulder (Colo.)",
   url = "http://opac.inria.fr/record=b1131978",
   isbn = "0-201-50934-2",
   note = "Autre tirage : 1997",
   year = 1995
}

@misc{web:DT,
  author="{CMS}",
  title = "Scheme of a drift tube",
  howpublished = "\url{http://www.pd.infn.it/~conti/cms/mycosmictest.html}"
}

@misc{wb:hierarchy,
   author = "{Quantum Diaries}",
   title = "The Hierarchy Problem: why the Higgs has a snowball’s chance in hell",
   howpublished = "\url{http://www.quantumdiaries.org/2012/07/01/the-hierarchy-problem-why-the-higgs-has-a-snowballs-chance-in-hell/}"
}


@misc{web:CSC,
  author = "{{CMS Collaboration}}",
  title = "Scheme of the carbon strip chamber",
  howpublished = "\url{http://cms.web.cern.ch/news/cathode-strip-chambers}"
}

@article{Sjostrand:2006za,
      author         = "Sj{\"o}strand, Torbj{\"o}rn and Mrenna, Stephen and Skands, Peter Z.",
      title          = "{PYTHIA 6.4 Physics and Manual}",
      journal        = "JHEP",
      volume         = "0605",
      pages          = "026",
      doi            = "10.1088/1126-6708/2006/05/026",
      year           = "2006",
      eprint         = "hep-ph/0603175",
      archivePrefix  = "arXiv",
      primaryClass   = "hep-ph",
      reportNumber   = "FERMILAB-PUB-06-052-CD-T, LU-TP-06-13",
      SLACcitation   = "%%CITATION = HEP-PH/0603175;%%",
}

@misc{Pappadopulo:2014qza1,
      author         = "Pappadopulo, Duccio and Thamm, Andrea and Torre, Riccardo
                        and Wulzer, Andrea",
      title    = "Resources for Heavy Vector Triplets",
      howpublished      = "\url{https://rtorre.web.cern.ch/rtorre/Riccardotorre/heptools.html}"
}



@misc{web:nasa,
  author = "NASA",
  title = "The accelerated expansion of universe",
  howpublished = "\url{http://science.nasa.gov/astrophysics/focus-areas/what-is-dark-energy/}",
  }

@misc{LHC,
  author = "{LHC Collaboration}",
  title = "The overview of LHC",
  howpublished = "\url{http://www.atlas.ch/photos/atlas_photos/selected-photos/detector-site/surface/}",
  }

@misc{wiki2, 
  author = "{Wikipedia}",
  title = "Pseudorapidity" ,
  howpublished = "\url{http://en.wikipedia.org/wiki/Pseudorapidity}",
  }


@misc{particleImage,
  author = "{Wikipedia}",
  title = "Standard Model" ,
  howpublished = "\url{http://en.wikipedia.org/wiki/Standard_Model}",
  }

@misc{web:qcd_confinement,
  author = "Mario Belloni",
  title = "qcd confinement illustration" ,
  howpublished = "\url{http://www.phy.davidson.edu/FacHome/mjb/images/color_field.gif}",
  }


@Article{cabibbo1, 
 author = "Cabibbo",
 year = "1963",
 journal = "Physical Review Letters",
 volume = "10",
 page = "531"
}



@Article{mssm,
     author    = "Dimopoulos, Savas and Georgi, Howard",
     title     = "Softly Broken Supersymmetry and SU(5)",
     journal   = "Nucl. Phys.",
     volume    = "B193",
     year      = "1981",
     pages     = "150",
     doi       = "10.1016/0550-3213(81)90522-8",
     SLACcitation  = "%%CITATION = NUPHA,B193,150;%%"
}
@Article{nsd,
     author    = "Weinberg, Steven",
     title     = "Implications of Dynamical Symmetry Breaking",
     journal   = "Phys. Rev.",
     volume    = "D13",
     year      = "1976",
     pages     = "974",
     doi       = "10.1103/PhysRevD.13.974",
     SLACcitation  = "%%CITATION = PHRVA,D13,974;%%"
}
@Article{nsd2,
     author    = "Susskind, Leonard",
     title     = "Dynamics of Spontaneous Symmetry Breaking in the Weinberg-
                  Salam Theory",
     journal   = "Phys. Rev.",
     volume    = "D20",
     year      = "1979",
     pages     = "2619",
     doi       = "10.1103/PhysRevD.20.2619",
     SLACcitation  = "%%CITATION = PHRVA,D20,2619;%%"
}
@Article{nsd3,
     author    = "Hill, Christopher T. and Parke, Stephen J.",
     title     = "Top production: Sensitivity to new physics",
     journal   = "Phys. Rev.",
     volume    = "D49",
     year      = "1994",
     pages     = "4454",
     eprint    = "hep-ph/9312324",
     archivePrefix = "arXiv",
     doi       = "10.1103/PhysRevD.49.4454",
     SLACcitation  = "%%CITATION = HEP-PH/9312324;%%"
}
@Article{nsd4,
     author    = "Chivukula, R. Sekhar and Dobrescu, Bogdan A. and Georgi,
                  Howard and Hill, Christopher T.",
     title     = "Top quark seesaw theory of electroweak symmetry
                  breaking",
     journal   = "Phys. Rev.",
     volume    = "D59",
     year      = "1999",
     pages     = "075003",
     eprint    = "hep-ph/9809470",
     archivePrefix = "arXiv",
     doi       = "10.1103/PhysRevD.59.075003",
     SLACcitation  = "%%CITATION = HEP-PH/9809470;%%"
}
@Article{littlehiggs,
     author    = "Arkani-Hamed, Nima and Cohen, Andrew G. and Georgi, Howard
                  ",
     title     = "Electroweak symmetry breaking from dimensional
                  deconstruction",
     journal   = "Phys. Lett. B",
     volume    = "513",
     year      = "2001",
     pages     = "232",
     eprint    = "hep-ph/0105239",
     archivePrefix = "arXiv",
     doi       = "10.1016/S0370-2693(01)00741-9",
     SLACcitation  = "%%CITATION = HEP-PH/0105239;%%"
}
@Article{ed,
     author    = "Arkani-Hamed, Nima and Dimopoulos, Savas and Dvali, G. R.",
     title     = "The hierarchy problem and new dimensions at a
                  millimeter",
     journal   = "Phys. Lett. B",
     volume    = "429",
     year      = "1998",
     pages     = "263",
     eprint    = "hep-ph/9803315",
     archivePrefix = "arXiv",
     doi       = "10.1016/S0370-2693(98)00466-3",
     SLACcitation  = "%%CITATION = HEP-PH/9803315;%%"
}
@Article{cdftt1,
     author    = "Aaltonen, T. and others",
 collaboration = "CDF",
     title     = "Limits on the production of narrow t anti-t resonances in
                  p anti-p collisions at s**(1/2) = 1.96 {TeV}",
     journal   = "Phys. Rev.",
     volume    = "D77",
     year      = "2008",
     pages     = "051102",
     eprint    = "0710.5335",
     archivePrefix = "arXiv",
     primaryClass  =  "hep-ex",
     doi       = "10.1103/PhysRevD.77.051102",
     SLACcitation  = "%%CITATION = 0710.5335;%%"
}
@Article{cdftt2,
     author    = "Aaltonen, T. and others",
 collaboration = "CDF",
     title     = "Search for resonant t anti-t production in p anti-p
                  collisions at s**(1/2) = 1.96 {TeV}",
     journal   = "Phys. Rev. Lett.",
     volume    = "100",
     year      = "2008",
     pages     = "231801",
     eprint    = "0709.0705",
     archivePrefix = "arXiv",
     primaryClass  =  "hep-ex",
     doi       = "10.1103/PhysRevLett.100.231801",
     SLACcitation  = "%%CITATION = 0709.0705;%%"
}

@Article{cdftt3,
     author    = "Aaltonen, T. and others",
 collaboration = "CDF",
     title     = "Search for new particles decaying into dijets in
                  proton-antiproton collisions at s**(1/2) = 1.96 {TeV}",
     journal   = "Phys. Rev. D",
     volume    = "79",
     year      = "2009",
     pages     = "112002",
     eprint    = "0812.4036",
     archivePrefix = "arXiv",
     primaryClass  =  "hep-ex",
     doi       = "10.1103/PhysRevD.79.112002",
}




@Article{d0tt,
     title="Search for $t\overline{t}$ Resonances in the Lepton+Jets Final State in $p\overline{p}$ Collisions at $\sqrt{s}$ = 1.96 {TeV}",
     collaboration = "D0",
     journal   = "D0 Note",
     volume    = "5882-CONF",
     year="2009"
}

@TECHREPORT{catop_cms,
      COLLABORATION = "CMS",
      TITLE       = "{A Cambridge-Aachen (C-A) based Jet Algorithm for boosted top-jet tagging}",
      AUTHOR      = "{CMS Collaboration}",
      URL         = "http://cdsweb.cern.ch/record/1194489",
      TYPE        = "CMS Physics Analysis Summary",
      NUMBER      = "CMS-PAS-JME-09-001",
      YEAR        = "2009"
}


@Article{rs2,
     author    = "Lisa Randall and Raman Sumdrum",
     title     = "An alternative to compactification",
     journal   = "Phys. Rev. Lett.",
     volume    = "83",
     year      = "1999",
     pages     = "4690",
     eprint    = "hep-th/9906064",
     archivePrefix = "arXiv"
}


@Article{rs_gluon_1,
     author    = "Agashe, Kaustubh and Belyaev, Alexander and Krupovnickas,
                  Tadas and Perez, Gilad and Virzi, Joseph",
     title     = "{LHC} signals from warped extra dimensions",
     journal   = "Phys. Rev.",
     volume    = "D77",
     year      = "2008",
     pages     = "015003",
     eprint    = "hep-ph/0612015",
     archivePrefix = "arXiv",
     doi       = "10.1103/PhysRevD.77.015003",
     SLACcitation  = "%%CITATION = HEP-PH/0612015;%%"
}


@ARTICLE{ttbar_kfactor,
     AUTHOR      = "Nikolaos Kidonakis and Ramona Vogt",
     TITLE       = "The theoretical top quark cross section at the Tevatron and the {LHC}",
     JOURNAL     = "Phys. Rev. D",
     VOLUME      = "78:074005",
     YEAR        = "2008",
     URL         = "http://arxiv.org/abs/0805.3844"
}

@ARTICLE{fullsim_summer08,
     author       = "{CMS Collaboration}",
     TITLE        = "Summer 08 Monte Carlo Production, https://twiki.cern.ch/twiki/bin/view/CMS/ProductionSummer2008",
     URL          = "https://twiki.cern.ch/twiki/bin/view/CMS/ProductionSummer2008"
}

@ARTICLE{fullsim_boostedtop,
     author       = "{CMS Collaboration}",
     TITLE        = "Boosted Top Group, https://twiki.cern.ch/twiki/bin/view/CMS/BoostedTop",
     URL          = "https://twiki.cern.ch/twiki/bin/view/CMS/BoostedTop"
}

@ARTICLE{roostatscms,
     AUTHOR        = "D. Piparo and Gregory Schott and G. Quast",
     TITLE         = "RooStatsCms: a tool for analyses modelling, combination and statistical studies",
     JOURNAL       = "arXiv:0812.2217v2"
}

@ARTICLE{cla_stats,
     AUTHOR        = "I. Bertram and  G. Landsberg and J. Linnemann and R. Partridge and M. Paterno and H.B. Prosper",
     TITLE         = "A Recipe for the Construction of Confidence Limits",
     JOURNAL       = "Fermilab TM 2104",
     YEAR          = "2000"
}


@book{ptdr_v2,
      author       = "{CMS Collaboration}",
      title        = "{CMS} physics: Technical Design Report, Volume 2",
      publisher    = "CERN",
      address      = "Geneva",
      series       = "Technical Design Report CMS",
      year         = "2006"
}

@Article{catop_theory,
     author    = "Kaplan, David E. and Rehermann, Keith and Schwartz, Matthew
                  D. and Tweedie, Brock",
     title     = "Top Tagging: A Method for Identifying Boosted Hadronically
                  Decaying Top Quarks",
     journal   = "Phys. Rev. Lett.",
     volume    = "101",
     year      = "2008",
     pages     = "142001",
     eprint    = "0806.0848",
     archivePrefix = "arXiv",
     primaryClass  =  "hep-ph",
     doi       = "10.1103/PhysRevLett.101.142001",
     SLACcitation  = "%%CITATION = 0806.0848;%%"
}


@Article{roostats_cl95,
     AUTHOR    = "Landsberg, G. and Kukartsev, G.",
     TITLE     = "RooStatsCl95: cross section in a counting experiment",
     JOURNAL    = "https://twiki.cern.ch/twiki/bin/view/CMS/RooStatsCl95"
}

@Article{higgs-combination,
     AUTHOR    = "Petrucciani, G.",
     TITLE     = "Documentation of the RooStats-based statistics tools for Higgs PAG",
     JOURNAL   = "https://twiki.cern.ch/twiki/bin/viewauth/CMS/SWGuideHiggsAnalysisCombinedLimit"
}



@article{jetpruning1,
      author         = "Ellis, Stephen D. and Vermilion, Christopher K. and
                        Walsh, Jonathan R.",
      title          = "Techniques for improved heavy particle searches with jet
                        substructure",
      journal        = "Phys. Rev. D",
      volume         = "80",
      pages          = "051501",
      doi            = "10.1103/PhysRevD.80.051501",
      year           = "2009",
      eprint         = "0903.5081",
      archivePrefix  = "arXiv",
      primaryClass   = "hep-ph",
}

@article{jetpruning2,
      author         = "Ellis, Stephen D. and Vermilion, Christopher K. and
                        Walsh, Jonathan R.",
      title          = "Recombination Algorithms and Jet Substructure: Pruning
                        as a Tool for Heavy Particle Searches",
      journal        = "Phys. Rev. D",
      volume         = "81",
      pages          = "094023",
      doi            = "10.1103/PhysRevD.81.094023",
      year           = "2010",
      eprint         = "0912.0033",
      archivePrefix  = "arXiv",
      primaryClass   = "hep-ph",
}

@TECHREPORT{particleflow,
      COLLABORATION = "CMS",
      TITLE       = "Particle--Flow Event Reconstruction in {CMS} and Performance for Jets, Taus, and {\MET}",
      AUTHOR      = "{CMS Collaboration}",
      URL         = "http://cdsweb.cern.ch/record/1194487",
      TYPE        = "CMS Physics Analysis Summary",
      NUMBER      = "CMS-PAS-PFT-09-001",
      YEAR        = "2009"
}
@ARTICLE{particleflow2,
     author       = "{CMS Collaboration}",
     TITLE="Commissioning of the Particle-flow Event Reconstruction with the first {LHC} collisions recorded in the {CMS} detector",
     JOURNAL     = "CMS Physics Analysis Summary",
     VOLUME      = "CMS PAS PFT-10-001",
     URL         = "http://cdsweb.cern.ch/record/1247373",
     YEAR         = "2010"
     }

@ARTICLE{cmsdetector,
     author       = "{CMS Collaboration}",
     JOURNAL      = "JINST",
     VOLUME       = "3",
     YEAR         = "2009"
     }

@ARTICLE{madgraph,
     author    = "Alwall, Johan and Pavel Demin and de Visscher, Simon and Rikkert Frederix and Michel Herquet and Fabio Maltoni and TIlman Plehn and
                  David L Rainwater and Tim Stelzer",
     title     = "{MadGraph 5}: Going Beyond",
     journal   = "JHEP",
     year      = "2011",
     eprint    = "1106.0522",
     archivePrefix = "arXiv",
     primaryClass  =  "hep-ph",
     SLACcitation  = "%%CITATION = 0706.2334;%%"
}



@Article{pythia,
      author         = "Sj{\"o}strand, Torbj{\"o}rn and Mrenna, Stephen and Skands, Peter",
      title          = "{PYTHIA} 6.4 physics and manual",
      journal        = "JHEP",
      volume         = "05",
      pages          = "026",
      doi            = "10.1088/1126-6708/2006/05/026",
      year           = "2006",
      eprint         = "hep-ph/0603175",
      archivePrefix  = "arXiv",
      primaryClass   = "hep-ph",
      reportNumber   = "FERMILAB-PUB-06-052-CD-T, LU-TP-06-13",
      SLACcitation   = "%%CITATION = HEP-PH/0603175;%%",
}


@Article{herwig,
     author    = "Stefan Gieseke and Martyn A. Gigg and David Grellscheid and Keith Hamilton and
                  Oluseyi Latunde-Dada and Simon Pl{\"a}tzer and Peter Richardson and Michael H. Seymour and Alexander Sherstnev and Bryan R. Webber",
     title     = "{Herwig++} 2.5 Release Note",
     eprint    = "1102.1672",
     archivePrefix = "arXiv",
     primaryClass  =  "hep-ph",
     SLACcitation  = "%%CITATION = 1102.1672;%%"
}


@ARTICLE{mlm,
     AUTHOR       = "S. Hoche et al.",
     JOURNAL      = "hep-ph/0602031"
     }

@article{cteq,
      author         = "Jonathan Pumplin and Daniel Robert Stump and Joey Huston and Hung-Liang Lai and Pavel Nadolsky and Wu-Ki Tung",
      title          = "New generation of parton distributions with
                        uncertainties from global {QCD} analysis",
      journal        = "JHEP",
      volume         = "07",
      pages          = "012",
      year           = "2002",
      eprint         = "hep-ph/0201195",
      archivePrefix  = "arXiv",
      primaryClass   = "hep-ph",
      doi            = "10.1088/1126-6708/2002/07/012",
}

@ARTICLE{io,
     AUTHOR       = "P. Bartalini, R. Chierici and A. De Roeck",
     JOURNAL      = " CERN-CMS-NOTE 2005-013",
     YEAR         = "2005"
     }

@ARTICLE{UEtuning,
     AUTHOR       = "D. Acosta et al.",
     JOURNAL      = "CERN-CMS-NOTE, 2006-067",
     YEAR         = "2006"
     }

@ARTICLE{fastjet,
     AUTHOR       = "Matteo Cacciari and Gavin P. Salam and Gregory Soyez",
     TITLE        = "FastJet User Manual",
     JOURNAL      = "Eur. Phys. J. C",
     VOLUME       = "72",
     YEAR         = "2012",
     pages       = "1896",
     eprint    = "1111.6097",
     archivePrefix = "arXiv",
     primaryClass  =  "hep-ph",
     doi       = "10.1140/epjc/s10052-012-1896-2",
     }

@Article{boostedhiggs,
     author    = "Butterworth, Jonathan M. and Davison, Adam R. and Rubin,
                  Mathieu and Salam, Gavin P.",
     title     = "Jet substructure as a new Higgs search channel at the
                  {LHC}",
     journal   = "Phys. Rev. Lett.",
     volume    = "100",
     year      = "2008",
     pages     = "242001",
     eprint    = "0802.2470",
     archivePrefix = "arXiv",
     primaryClass  =  "hep-ph",
     doi       = "10.1103/PhysRevLett.100.242001",
     SLACcitation  = "%%CITATION = 0802.2470;%%"
}


@ARTICLE{optimizationNote,
     author       = "{CMS Boosted Top Group}",
     TITLE        = "Studies of Top Tagging Algorithms",
     JOURNAL      = "CMS AN-2010/080",
     YEAR         = "2010"
     }

@Article{CAcambridge,
     author    = "Dokshitzer, Yuri L. and G. D. Leder and S. Moretti and B. R. Webber",
     title     = "Better jet clustering algorithms",
     journal   = "JHEP",
     volume    = "08",
     year      = "1997",
     pages     = "001",
     eprint    = "hep-ph/9707323",
     archivePrefix = "arXiv",
     SLACcitation  = "%%CITATION = HEP-PH/9707323;%%",
     doi       =  "10.1088/1126-6708/1997/08/001",
}

@Unpublished{CAaachen,
     author    = "Wobisch, M. and Wengler, T.",
     title     = "Hadronization corrections to jet cross sections in deep-inelastic  scattering",
     year      = "1998",
     eprint    = "hep-ph/9907280",
     archivePrefix = "arXiv",
     SLACcitation  = "%%CITATION = HEP-PH/9907280;%%"
}


@ARTICLE{ktalg,
     author    = "Cacciari, Matteo and Salam, Gavin P. and Soyez, Gregory",
     title     = "The anti-kt jet clustering algorithm",
     journal   = "JHEP",
     volume    = "04",
     year      = "2008",
     pages     = "063",
     eprint    = "0802.1189",
     archivePrefix = "arXiv",
     primaryClass  =  "hep-ph",
     SLACcitation  = "%%CITATION = 0802.1189;%%",
     doi       =  "10.1088/1126-6708/2008/04/063",
}

@Article{jetarea_fastjet_pu,
     author    = "Cacciari, Matteo and Salam, Gavin P.",
     title     = "Pileup subtraction using jet areas",
     journal   = "Phys. Lett. B",
     volume    = "659",
     year      = "2008",
     pages     = "119",
     eprint    = "0707.1378",
     archivePrefix = "arXiv",
     primaryClass  =  "hep-ph",
     doi       = "10.1016/j.physletb.2007.09.077",
     SLACcitation  = "%%CITATION = 0707.1378;%%"
}

@Article{jetarea_fastjet,
     author    = "Cacciari, Matteo and Salam, Gavin P. and Soyez, Gregory",
     title     = "The Catchment Area of Jets",
     journal   = "JHEP",
     volume    = "04",
     year      = "2008",
     pages     = "005",
     eprint    = "0802.1188",
     archivePrefix = "arXiv",
     primaryClass  =  "hep-ph",
     doi       = "10.1088/1126-6708/2008/04/005",
     SLACcitation  = "%%CITATION = 0802.1188;%%"
}


@ARTICLE{jec_spring10,
     author       = "{CMS Collaboration}",
     TITLE="Jet Energy Corrections determination at 7 {TeV} ",
     JOURNAL     = "CMS Physics Analysis Summary",
     VOLUME      = "CMS PAS JME-10-010",
     URL         = "http://cdsweb.cern.ch/record/1308178",
     YEAR         = "2010"
     }

@Article{Ellis:2007ib,
     author    = "Ellis, S. D. and Huston, J. and Hatakeyama, K. and Loch, P. and Tonnesmann, M.",
     title     = "Jets in hadron-hadron collisions",
     journal   = "Prog. Part. Nucl. Phys.",
     volume    = "60",
     year      = "2008",
     pages     = "484",
     eprint    = "0712.2447",
     archivePrefix = "arXiv",
     primaryClass  =  "hep-ph",
     doi       = "10.1016/j.ppnp.2007.12.002",
     SLACcitation  = "%%CITATION = 0712.2447;%%"
}

@ARTICLE{jetid,
     author       = "{CMS Collaboration}",
     title="Jet Performance in pp Collisions at $\sqrt{s}$ = 7 {TeV}",
     JOURNAL     = "CMS Physics Analysis Summary",
     VOLUME      = "CMS PAS JME-10-003",
     URL         = "http://cdsweb.cern.ch/record/1279362",
     YEAR         = "2010"
     }

@Article{:2008zzk,
     author    = "Chatrchyan, S. and others",
     collaboration = "CMS",
     title     = "The {CMS} experiment at the {CERN} {LHC}",
     journal   = "JINST",
     volume    = "03",
     year      = "2008",
     pages     = "S08004",
     doi       = "10.1088/1748-0221/3/08/S08004",
     SLACcitation  = "%%CITATION = JINST,3,S08004;%%"
}

@TECHREPORT{topwtag_pas,
      COLLABORATION = "CMS",
      TITLE       = "Study of Jet Substructure in pp Collisions at 7 {TeV} in {CMS}",
      AUTHOR      = "{CMS Collaboration}",
      URL         = "http://cdsweb.cern.ch/record/1333700",
      TYPE        = "CMS Physics Analysis Summary",
      NUMBER      = "CMS-PAS-JME-10-013",
      YEAR        = "2010"
}

@Article{fastjet1,
     author    = "Cacciari, Matteo and Salam, Gavin P.",
     title     = "Dispelling the {N**3} myth for the {k(t)} jet-finder",
     journal   = "Phys. Lett. B",
     volume    = "641",
     year      = "2006",
     pages     = "57",
     eprint    = "hep-ph/0512210",
     archivePrefix = "arXiv",
     doi       = "10.1016/j.physletb.2006.08.037",
     SLACcitation  = "%%CITATION = HEP-PH/0512210;%%"
}
@Article{fastjet2,
     author    = "Cacciari, Matteo and Salam, Gavin P. and Soyez, G.",
     title     = "fastjet Package",
      URL         = "http://fastjet.fr/"
}




@ARTICLE{EXO-11-015,
     author       = "{CMS Collaboration}",
     title="Search for New Physics in the Dijet Mass Spectrum",
     JOURNAL      = "CMS PAS EXO-11-015",
     YEAR         = "2011"
     }

@ARTICLE{EXO-11-016,
     author       = "{CMS Collaboration}",
     title="Search for New Physics in the Paired Dijet Mass Spectrum",
     JOURNAL      = "CMS PAS EXO-11-016",
     YEAR         = "2011"
     }


@article{mstw,
      author         = "Martin, A.D. and others",
      title          = "Parton distributions for the {LHC}",
      journal        = "Eur. Phys. J. C",
      volume         = "63",
      pages          = "189",
      doi            = "10.1140/epjc/s10052-009-1072-5",
      year           = "2009",
      eprint         = "0901.0002",
      archivePrefix  = "arXiv",
      primaryClass   = "hep-ph",
}

@article{hhp,
      author         = "Harris, Robert M. and Hill, Christopher T. and Parke,
                        Stephen J.",
      title          = "Cross-section for topcolor {Z-prime(t)} decaying to t
                        anti-t: Version 2.6",
      year           = "1999",
      eprint         = "hep-ph/9911288",
      archivePrefix  = "arXiv",
      primaryClass   = "hep-ph",
}

@article{Harris:2011bh,
      author         = "Harris, Robert M. and Kousouris, Konstantinos",
      title          = "{Searches for Dijet Resonances at Hadron Colliders}",
      journal        = "Int.J.Mod.Phys.",
      volume         = "A26",
      pages          = "5005-5055",
      doi            = "10.1142/S0217751X11054905",
      year           = "2011",
      eprint         = "1110.5302",
      archivePrefix  = "arXiv",
      primaryClass   = "hep-ex",
      reportNumber   = "FERMILAB-PUB-11-567, CERN-OPEN-2011-044",
      SLACcitation   = "%%CITATION = ARXIV:1110.5302;%%",
}
@article{bhkr,
      author         = "Bai, Yang and Hewett, JoAnne L. and Kaplan, Jared and
                        Rizzo, Thomas G.",
      title          = "{LHC} Predictions from a Tevatron Anomaly in the Top Quark
                        Forward-Backward Asymmetry",
      journal        = "JHEP",
      volume         = "03",
      pages          = "003",
      doi            = "10.1007/JHEP03(2011)003",
      year           = "2011",
      eprint         = "1101.5203",
      archivePrefix  = "arXiv",
      primaryClass   = "hep-ph",
}

@Article{top_AFB1,
     author    = "Aaltonen, T. and others",
 collaboration = "CDF",
     title     = "Forward-Backward Asymmetry in Top Quark Production in
                  p$\bar{p}$ Collisions at $\sqrt{s}$ = 1.96 {TeV}",
     journal   = "Phys. Rev. Lett.",
     volume    = "101",
     year      = "2008",
     pages     = "202001",
     eprint    = "0806.2472",
     archivePrefix = "arXiv",
     primaryClass  =  "hep-ex",
     doi       = "10.1103/PhysRevLett.101.202001",
     SLACcitation  = "%%CITATION = 0806.2472;%%"
}

@Article{top_AFB2,
     author    = "Abazov, V. M. and others",
 collaboration = "D0",
     title     = "First measurement of the forward-backward charge asymmetry
                  in top quark pair production",
     journal   = "Phys. Rev. Lett.",
     volume    = "100",
     year      = "2008",
     pages     = "142002",
     eprint    = "0712.0851",
     archivePrefix = "arXiv",
     primaryClass  =  "hep-ex",
     doi       = "10.1103/PhysRevLett.100.142002",
     SLACcitation  = "%%CITATION = 0712.0851;%%"
}

@Article{top_AFB3,
     author    = "Aaltonen, T. and others",
 collaboration = "CDF",
     title     = "Evidence for a Mass Dependent Forward-Backward Asymmetry
                  in Top Quark Pair Production",
     journal   = "Phys. Rev.",
     volume    = "D83",
     year      = "2011",
     pages     = "112003",
     eprint    = "1101.0034",
     archivePrefix = "arXiv",
     primaryClass  =  "hep-ex",
     doi       = "10.1103/PhysRevD.83.112003",
     SLACcitation  = "%%CITATION = 1101.0034;%%"
}

@Article{top_AFB4,
     title = "Measurement of the forward-backward production asymmetry of $t$ and $\overline{t}$ quarks in $p\overline{p} to t\overline{t}$ events.",
     collaboration = "D0",
     journal   = "D0 Note",
     volume    = "6062-CONF",
     year="2010"
}

@Article{top_AFB5,
    title="Measurement of the Forward Backward Asymmetry in Top Pair Production in the Dilepton Decay Channel using 5.1 fb$^{-1}$.",
     collaboration = "CDF",
     journal   = "CDF Note",
     volume    = "10436",
     year="2011"
}

@Article{axigluon_ttbar_1,
     author    = "Frampton, Paul H. and Shu, Jing and Wang, Kai",
     title     = "Axigluon as Possible Explanation for $p\bar{p} \to
                  t\bar{t}$ Forward-Backward Asymmetry",
     journal   = "Phys. Lett. B",
     volume    = "683",
     year      = "2010",
     pages     = "294",
     eprint    = "0911.2955",
     archivePrefix = "arXiv",
     primaryClass  =  "hep-ph",
     doi       = "10.1016/j.physletb.2009.12.043",
     SLACcitation  = "%%CITATION = 0911.2955;%%"
}

@Article{axigluon_ttbar_2,
     author    = "Gresham, Moira I. and Kim, Ian-Woo and Zurek, Kathryn M.",
     title     = "On Models of New Physics for the Tevatron Top A\_FB",
     journal   = "Phys. Rev.",
     volume    = "D83",
     year      = "2011",
     pages     = "114027",
     eprint    = "1103.3501",
     archivePrefix = "arXiv",
     primaryClass  =  "hep-ph",
     doi       = "10.1103/PhysRevD.83.114027",
     SLACcitation  = "%%CITATION = 1103.3501;%%"
}
@Article{axigluon_ttbar_3,
     author    = "Antunano, Oscar and Kuhn, Johann H. and Rodrigo, German",
     title     = "Top quarks, axigluons and charge asymmetries at hadron
                  colliders",
     journal   = "Phys. Rev.",
     volume    = "D77",
     year      = "2008",
     pages     = "014003",
     eprint    = "0709.1652",
     archivePrefix = "arXiv",
     primaryClass  =  "hep-ph",
     doi       = "10.1103/PhysRevD.77.014003",
     SLACcitation  = "%%CITATION = 0709.1652;%%"
}


@Article{axigluon_ttbar_4,
     author    = "Godbole, Rohini M. and Choudhury, Debajyoti",
     title     = "Nonstandard, strongly interacting spin one t anti-t
                  resonances",
     year      = "2008",
     eprint    = "0810.3635",
     archivePrefix = "arXiv",
     primaryClass  =  "hep-ph",
     SLACcitation  = "%%CITATION = 0810.3635;%%"
}


@Article{cscp,
     author    = "Chivukula, R. Sekhar and Simmons, Elizabeth H. and Yuan, C.
                  -P.",
     title     = "Axigluons cannot explain the observed top quark forward-
                  backward asymmetry",
     journal   = "Phys. Rev.",
     volume    = "D82",
     year      = "2010",
     pages     = "094009",
     eprint    = "1007.0260",
     archivePrefix = "arXiv",
     primaryClass  =  "hep-ph",
     doi       = "10.1103/PhysRevD.82.094009",
     SLACcitation  = "%%CITATION = 1007.0260;%%"
}

@article{top_afb_implications1,
      author         = "Delaunay, Cedric and Gedalia, Oram and Hochberg, Yonit
                        and Perez, Gilad and Soreq, Yotam",
      title          = "Implications of the {CDF} $t \bar{t}$ Forward-Backward
                        Asymmetry for Hard Top Physics",
      journal        = "JHEP",
      volume         = "08",
      pages          = "031",
      doi            = "10.1007/JHEP08(2011)031",
      year           = "2011",
      eprint         = "1103.2297",
      archivePrefix  = "arXiv",
      primaryClass   = "hep-ph",
}

@article{top_afb_implications2,
      author         = "Aguilar-Saavedra, J.A. and Perez-Victoria, M.",
      title          = "Probing the Tevatron t tbar asymmetry at {LHC}",
      journal        = "JHEP",
      volume         = "05",
      pages          = "034",
      doi            = "10.1007/JHEP05(2011)034",
      year           = "2011",
      eprint         = "1103.2765",
      archivePrefix  = "arXiv",
      primaryClass   = "hep-ph",
}


@article{pdf4lhc,
      author         = "Watt, G.",
      title          = "Parton distribution function dependence of benchmark
                        Standard Model total cross sections at the 7 {TeV} {LHC}",
      journal        = "JHEP",
      volume         = "09",
      pages          = "069",
      doi            = "10.1007/JHEP09(2011)069",
      year           = "2011",
      eprint         = "1106.5788",
      archivePrefix  = "arXiv",
      primaryClass   = "hep-ph",
}

@ARTICLE{EXO-11-055,
     author       = "{CMS Collaboration}",
     title="Search for heavy narrow resonances decaying to ttbar in the muon+jets channel",
     JOURNAL      = "CMS PAS EXO-11-055",
     YEAR         = "2011"
     }

@ARTICLE{theta,
   author = "Muller, Thomas and Ott, Jochen and Wagner-Kuhr, Jeannine",
    title = "{theta} - a framework for template-based modeling and inference",
   journal = "CMS Internal Note",
   volume = "IN-2010/017",
   year = "2010",
   pages    = ""
}

@ARTICLE{TOP-11-013,
     author       = "{CMS Collaboration}",
     title="Top pair differential cross sections",
     JOURNAL      = "CMS PAS TOP-11-013",
     YEAR         = "2011"
     }

@article{Aliev:2010zk,
      author         = "Aliev, M. and others",
      title          = "{HATHOR}: HAdronic Top and Heavy quarks crOss section
                        calculatoR",
      journal        = "Comput. Phys. Commun.",
      volume         = "182",
      pages          = "1034",
      doi            = "10.1016/j.cpc.2010.12.040",
      year           = "2011",
      eprint         = "1007.1327",
      archivePrefix  = "arXiv",
      primaryClass   = "hep-ph"
}
@article{Langenfeld:2009wd,
      author         = "Langenfeld, U. and Moch, S. and Uwer, P.",
      title          = "Measuring the running top-quark mass",
      journal        = "Phys. Rev. D",
      volume         = "80",
      pages          = "054009",
      doi            = "10.1103/PhysRevD.80.054009",
      year           = "2009",
      eprint         = "0906.5273",
      archivePrefix  = "arXiv",
      primaryClass   = "hep-ph"
}
@article{Kidonakis:2010dk,
      author         = "Kidonakis, Nikolaos",
      title          = "Next-to-next-to-leading soft-gluon corrections for the
                        top quark cross section and transverse momentum
                        distribution",
      journal        = "Phys. Rev. D",
      volume         = "82",
      pages          = "114030",
      doi            = "10.1103/PhysRevD.82.114030",
      year           = "2010",
      eprint         = "1009.4935",
      archivePrefix  = "arXiv",
      primaryClass   = "hep-ph"
}	

@ARTICLE{cmsdijet,
     AUTHOR       = "S. Chatrchyan",
     COLLABORATION= "CMS",
     TITLE        = "Search for resonances in the dijet mass spectrum from 7 {TeV} pp collisions at {CMS}",
     JOURNAL      = "Phys. Lett. B",
     VOLUME       = "704",
     PAGES        = "123",
     YEAR         = "2011",
     doi          = "10.1016/j.physletb.2011.09.015",
     eprint    = "1107.4771",
     archivePrefix = "arXiv",
     primaryClass  =  "hep-ex",
     }

@ARTICLE{atlasdijet,
     AUTHOR       = "G. Aad",
     COLLABORATION= "ATLAS",
     TITLE        = "Search for new physics in the dijet mass distribution using 1/fb of pp collision data at $\sqrt{s}$ = 7 {TeV} collected by the {ATLAS} detector",
     JOURNAL      = "Phys. Lett. B",
     VOLUME       = "708",
     ISSUE        = "1-2",
     PAGES        = "37",
     YEAR         = "2011"
     }

@ARTICLE{CMS-PAS-EXO-11-026,
      AUTHOR      = "{CMS Collaboration}",
      TITLE       = "Search for New Physics with the Dijet Angular Ratio",
      URL         = "http://cdsweb.cern.ch/record/1430651",
      JOURNAL     = "CMS Physics Analysis Summary",
      VOLUME      = "CMS-PAS-EXO-11-026",
      YEAR        = "2012"
}







@ARTICLE{ref_axi,
     author    = "Frampton, Paul H. and Glashow, Sheldon L.",
     title     = "Chiral color: An alternative to the standard model",
     journal   = "Phys. Lett. B",
     volume    = "190",
     year      = "1987",
     doi       = "10.1016/0370-2693(87)90859-8",
     pages     = "157"
}

@Article{ref_coloron,
     author    = "Simmons, Elizabeth H.",
     title     = "Coloron phenomenology",
     journal   = "Phys. Rev. D",
     volume    = "55",
     year      = "1997",
     doi       = "10.1103/PhysRevD.55.1678",
     pages     = "1678",
     eprint    = "hep-ph/9608269",
     archivePrefix = "arXiv",
     primaryClass  =  "hep-ph",
}

@Article{ref_qstar,
     author    = "Baur, U. and Hinchliffe, I. and Zeppenfeld, D.",
     title     = "Excited Quark Production at Hadron Colliders",
     journal   = "Int. J. Mod. Phys. A",
     volume    = "2",
     year      = "1987",
     doi       = "10.1142/S0217751X87000661",
     pages     = "1285"
}

@article {egm,
   author = "Altarelli, G. and Mele, B. and Ruiz-Altaba, M.",
   title = "Searching for new heavy vector bosons in $p\bar p$ colliders",
   journal = "Z. Phys. C",
   publisher = "Springer Berlin / Heidelberg",
   pages = "109",
   volume = "45",
   doi = "10.1007/BF01556677",
   year = "1989",
   note = "Erratum-ibid. C {\bf 47} (1990) 676"
}


@Article{ref_diquark,
     author    = "Hewett, JoAnne L. and Rizzo, Thomas G.",
     title     = "Low-energy phenomenology of superstring-inspired {$E_6$} models",
     journal   = "Phys. Rept.",
     volume    = "183",
     year      = "1989",
     doi       = "10.1016/0370-1573(89)90071-9",
     pages     = "193"
}

@Article{ref_qstar2,
     author    = "Baur, U. and Spira, M. and Zerwas, P. M.",
     title     = "Excited-quark and -lepton production at hadron colliders",
     journal   = "Phys. Rev. D",
     volume    = "42",
     year      = "1990",
     doi       = "10.1103/PhysRevD.42.815",
     pages     = "815"
}



@Article{ref_trho,
     author    = "Lane, Kenneth and Mrenna, Stephen",
     journal   = "Phys. Rev.",
     volume    = "D67",
     year      = "2003",
     pages     = "115011"
}

@Article{ref_rsg,
     author    = "Randall, Lisa and Sundrum, Raman",
     title     = "An alternative to compactification",
     journal   = "Phys. Rev. Lett.",
     volume    = "83",
     year      = "1999",
     doi       = "10.1103/PhysRevLett.83.4690",
     pages     = "4690"
}

@Article{ref_gauge,
     author    = "Eichten, E. and Hinchliffe, I. and Lane, K. and Quigg, C.",
     title     = "Supercollider physics",
     journal   = "Rev. Mod. Phys.",
     volume    = "56",
     year      = "1984",
     doi       = "10.1103/RevModPhys.56.579",
     pages     = "579"
}

@Article{refCMS,
      AUTHOR      = "{CMS Collaboration}",
     journal   = "JINST",
     title     = "The {CMS} Experiment at the {CERN} {LHC}",
     volume    = "03",
     year      = "2008",
     pages     = "S08004",
     doi       = "10.1088/1748-0221/3/08/S08004"
}

@Article{refPTDR1,
     author    = "Bayatian, G. L. and others",
 collaboration = "CMS",
     note     = "CERN-LHCC-2006-001"
}

@Article{refSisCone,
     author    = "Salam, Gavin P. and Soyez, Gregory",
     journal   = "JHEP",
     volume    = "05",
     year      = "2007",
     pages     = "086"
}

@Article{refGEANT,
     author    = "Agostinelli, S. and others",
 collaboration = "GEANT4",
     title    = "{GEANT4}---a simulation toolkit",
     journal   = "Nucl. Instrum. Meth. A",
     volume    = "506",
     year      = "2003",
     pages     = "250",
     doi       = "10.1016/S0168-9002(03)01368-8"
}


@ARTICLE{refJECpas,
      AUTHOR      = "{CMS Collaboration}",
      TITLE       = "Plans for Jet Energy Corrections at {CMS}",
      URL         = "http://cdsweb.cern.ch/record/1194485",
      JOURNAL     = "CMS Physics Analysis Summary",
      VOLUME      = "\href{http://cdsweb.cern.ch/record/1194485}{CMS-PAS-JME-07-002}",
      YEAR        = "2007"
}


@ARTICLE{refJetAlgPAS,
      AUTHOR      = "{CMS Collaboration}",
      TITLE       = "Performance of Jet Algorithms in {CMS}",
      URL         = "http://cdsweb.cern.ch/record/1198227",
      JOURNAL     = "CMS Physics Analysis Summary",
      VOLUME      = "\href{http://cdsweb.cern.ch/record/1198227}{CMS-PAS-JME-07-003}",
      YEAR        = "2007"
}


@Article{refPYTHIA,
     author    = {Sj{\"o}strand, T. and others },
     title     = "High-energy-physics event generation with {PYTHIA} 6.1",
     JOURNAL      = "Comp. Phys. Commun.",
     volume    = "135",
     pages     = "238",
     doi       = "10.1016/S0010-4655(00)00236-8",
     year      = "2001"}



@Article{refNLO,
     author    = "Nagy, Zoltan",
     journal   = "Phys. Rev.",
     volume    = "D68",
     year      = "2003",
     pages     = "094002"
}




@Article{refCTEQ,
     author    = "Pumplin, J. and others",
     title     = "New generation of parton distributions with uncertainties from global {QCD} analysis",
     journal   = "JHEP",
     volume    = "07",
     year      = "2002",
     doi       = "10.1088/1126-6708/2002/07/012",
     pages     = "012"
}


@Article{refCDFrun2,
     author    = "Aaltonen, T. and others",
     title     = "Search for new particles decaying into dijets in proton-antiproton collisions at $\sqrt{s}$ = 1.96 {TeV}",
 collaboration = "CDF",
     journal   = "Phys. Rev. D",
     volume    = "79",
     year      = "2009",
     doi       = "10.1103/PhysRevD.79.112002",
     pages     = "112002"
}

@Article{Abe:1997hm,
     author    = "Abe, F. and others",
     title     = "Search for new particles decaying to dijets at {CDF}",
 collaboration = "CDF",
     journal   = "Phys. Rev.",
     volume    = "D55",
     year      = "1997",
     doi       = "10.1103/PhysRevD.55.R5263",
     pages     = "5263"
}

@ARTICLE{JME-08-003,
      AUTHOR      = "{CMS Collaboration}",
      TITLE       = "Determination of the Relative Jet Energy Scale at {CMS} from Dijet
	Balance",
      URL         = "http://cdsweb.cern.ch/record/1194488",
      JOURNAL     = "CMS Physics Analysis Summary",
      VOLUME      = "\href{http://cdsweb.cern.ch/record/1194488}{CMS-PAS-JME-08-003}",
      YEAR        = "2008"
}

@ARTICLE{JME-09-003,
      AUTHOR      = "{CMS Collaboration}",
      TITLE       = "Offset Energy Correction for Cone Jets",
      URL         = "http://cdsweb.cern.ch/record/1194490",
      JOURNAL     = "CMS Physics Analysis Summary",
      VOLUME      = "\href{http://cdsweb.cern.ch/record/1194490}{CMS-PAS-JME-09-003}",
      YEAR        = "2009"
}

@ARTICLE{CMSwprimeWZPAS,
      COLLABORATION = "CMS",
      TITLE       = "Search for a $\mathrm{W}'$ or $\rho_\mathrm{TC}$
                  decaying to $\mathrm{WZ}$ in $\mathrm{pp}$
                  collisions at $\sqrt{s}~=~7$ TeV",
      AUTHOR      = "Chatrchyan, Serguei and others",
      JOURNAL     = "Phys. Rev. Lett.",
      VOLUME      = "109",
      PAGES       = "141801",
      DOI         = "10.1103/PhysRevLett.109.141801",
      YEAR        = "2012",
     eprint         = "1206.0433",
     archivePrefix  = "arXiv",
     primaryClass   = "hep-ex",
     reportNumber   = "CMS-EXO-11-041, CERN-PH-EP-2012-150",
}

@article{Chatrchyan:2013dgaParticle,
      author         = "Chatrchyan, Serguei and others",
      title          = "{Energy Calibration and Resolution of the CMS
                        Electromagnetic Calorimeter in $pp$ Collisions at
                        $\sqrt{s} = 7$ TeV}",
      collaboration  = "CMS",
      journal        = "JINST",
      volume         = "8",
      pages          = "P09009",
      doi            = "10.1088/1748-0221/8/09/P09009",
      year           = "2013",
      eprint         = "1306.2016",
      archivePrefix  = "arXiv",
      primaryClass   = "hep-ex",
      reportNumber   = "CMS-EGM-11-001, CERN-PH-EP-2013-097",
      SLACcitation   = "%%CITATION = ARXIV:1306.2016;%%",
}

@ARTICLE{JME-09-004,
      AUTHOR      = "{CMS Collaboration}",
      TITLE       = "Jet energy calibration with photon+jet events",
      URL         = "http://cdsweb.cern.ch/record/1194491",
      JOURNAL     = "CMS Physics Analysis Summary",
      VOLUME      = "\href{http://cdsweb.cern.ch/record/1194491}{CMS-PAS-JME-09-004}",
      YEAR        = "2009"
}

@ARTICLE{JME-09-005,
      AUTHOR      = "{CMS Collaboration}",
      TITLE       = "Determination of the jet energy scale using {$Z\to \Pep\Pem$} + jet
	$p_T$ balance and a procedure for combining data driven corrections",
      URL         = "http://cdsweb.cern.ch/record/1194492",
      JOURNAL     = "CMS Physics Analysis Summary",
      VOLUME      = "\href{http://cdsweb.cern.ch/record/1194492}{CMS-PAS-JME-09-005}",
      YEAR        = "2009"
}

@ARTICLE{JME-09-009,
      AUTHOR      = "{CMS Collaboration}",
      TITLE       = "Calibration of the absolute jet energy scale with {$Z(\rightarrow\Pgmp\Pgmm)$}
	+ jet events at {CMS}",
      URL         = "http://cdsweb.cern.ch/record/1195743",
      JOURNAL     = "CMS Physics Analysis Summary",
      VOLUME      = "\href{http://cdsweb.cern.ch/record/1195743}{CMS-PAS-JME-09-009}",
      YEAR        = "2009"
}

@Article{Cullen:2000ef,
     author    = "Cullen, Schuyler and Perelstein, Maxim and Peskin, Michael
                  Edward",
     title     = "{TeV} strings and collider probes of large extra dimensions",
     journal   = "Phys. Rev. D",
     volume    = "62",
     year      = "2000",
     doi       = "10.1103/PhysRevD.62.055012",
     pages     = "055012",
     eprint    = "hep-ph/0001166",
     archivePrefix = "arXiv",
     primaryClass  =  "hep-ph",
}
@Article{Anchordoqui:2008di,
     author    = "Luis A Anchordoqui and Haim Goldberg and Satoshi Nawata and Tomasz R Taylor",
     title     = "Jet signals for low mass strings at the {L}arge {H}adron {C}ollider",
     journal   = "Phys. Rev. Lett.",
     volume    = "100",
     year      = "2008",
     pages     = "171603",
     doi       = "10.1103/Physrevlett.100.171603",
     eprint    = "0712.0386",
     archivePrefix = "arXiv",
     primaryClass  =  "hep-ph",
}
@article{1126-6708-2008-04-063,
  author={Matteo Cacciari and Gavin P. Salam and Gregory Soyez},
  journal={JHEP},
  volume={04},
  pages={063},
  title="The anti-$k_T$ jet clustering algorithm",
  doi="10.1088/1126-6708/2008/04/063",
  year={2008}
}
@ARTICLE{JME-07-002-PAS,
      AUTHOR      = "{CMS Collaboration}",
      TITLE       = "Plans for Jet Energy Corrections at {CMS}",
      URL         = "http://cdsweb.cern.ch/record/1194485",
      JOURNAL     = "CMS Physics Analysis Summary",
      VOLUME      = "\href{http://cdsweb.cern.ch/record/1194485}{CMS-PAS-JME-07-002}",
      YEAR        = "2007"
}
@ARTICLE{JME-10-003-PAS,
      AUTHOR      = "{CMS Collaboration}",
      TITLE       = "Jet Performance in pp Collisions at $\sqrt{s}$ = 7 {TeV}",
      URL         = "http://cdsweb.cern.ch/record/1279362",
      JOURNAL     = "CMS Physics Analysis Summary",
      VOLUME      =  "CMS-PAS-JME-10-003",
      YEAR        = "2010"
}
@ARTICLE{EXO-10-010-PAS,
      AUTHOR      = "{CMS Collaboration}",
      TITLE       = "Search for Dijet Resonances in the Dijet Mass Distribution in 7 {TeV}
	pp Collisions at {CMS}",
      URL         = "http://cdsweb.cern.ch/record/1287571",
      JOURNAL     = "CMS Physics Analysis Summary",
      VOLUME      = "\href{http://cdsweb.cern.ch/record/1287571}{CMS-PAS-EXO-10-010}",
      YEAR        = "2010"
}
@ARTICLE{EWK-10-004-PAS,
      AUTHOR      = "{CMS Collaboration}",
      TITLE       = "Measurement of {CMS} Luminosity",
      URL         = "http://cdsweb.cern.ch/record/1279145",
      JOURNAL     = "CMS Physics Analysis Summary",
      VOLUME      = "\href{http://cdsweb.cern.ch/record/1279145}{CMS-PAS-EWK-10-004}",
      YEAR        = "2010"
}

@Article{ATLAS2010,
     author    = "Aad, Georges and others",
 collaboration = "ATLAS",
     title     = "Search for New Particles in Two-Jet Final States in 7 {TeV}
                  Proton-Proton Collisions with the {ATLAS} Detector at the
                  {LHC}",
     journal   = "Phys. Rev. Lett.",
     volume    = "105",
     year      = "2010",
     pages     = "161801",
     doi       = "10.1103/PhysRevLett.105.161801",
     SLACcitation  = "%%CITATION = 1008.2461;%%"
}

@Article{Khachatryan:2010jd,
     author    = "Khachatryan, Vardan and others",
 collaboration = "CMS",
     title     = "Search for Dijet Resonances in 7 {TeV} pp Collisions at
                  {CMS}",
     journal   = "Phys. Rev. Lett.",
     volume    = "105",
     year      = "2010",
     pages     = "211801",
     doi       = "10.1103/PhysRevLett.105.211801",
     SLACcitation  = "%%CITATION = 1010.0203;%%"
}

@ARTICLE{ref_2011,
    author    =  "{CMS Collaboration}",
    title     = "Search for heavy resonances in the W/Z-tagged dijet mass spectrum in pp collisions at 7 TeV",
    journal   = "Phys. Lett. B",
    volume    = "723",
    year      = "2013",
    pages     = "280",
    eprint    = "1212.1910",
    archivePrefix = "arXiv",
    primaryClass  =  "hep-ex",
    SLACcitation  = "%%CITATION = HEP-EX/1212.1910;%%"
}


@article{Aad:2013cva,
      author         = "Aad, Georges and others",
      title          = "{Search for new phenomena in photon+jet events collected
                        in proton--proton collisions at $\sqrt{s}~=~8$ TeV with
                        the ATLAS detector}",
      collaboration  = "ATLAS",
      journal        = "Phys. Lett. B",
      volume         = "728",
      pages          = "562",
      doi            = "10.1016/j.physletb.2013.12.029",
      year           = "2014",
      eprint         = "1309.3230",
      archivePrefix  = "arXiv",
      primaryClass   = "hep-ex",
      reportNumber   = "CERN-PH-EP-2013-126, CERN-PH-2013-126",
}


@Article{Aad:2011aj,
     author    = "Aad, Georges and others",
 collaboration = "ATLAS",
     title     = "Search for New Physics in Dijet Mass and Angular
                  Distributions in pp Collisions at $\sqrt{s}$ = 7 {TeV} Measured
                  with the {ATLAS} Detector",
     journal   = "New J. Phys.",
     volume    = "13",
     year      = "2011",
     pages     = "053044",
     doi       = "10.1088/1367-2630/13/5/053044",
     SLACcitation  = "%%CITATION = 1103.3864;%%"
}

@ARTICLE{JME-10-010-PAS,
     author       = "{CMS Collaboration}",
     TITLE        = "Jet Energy Corrections Determination at $\sqrt{s}$ = 7 {TeV}",
     JOURNAL     = "CMS Physics Analysis Summary",
     volume      = "\href{http://cms-physics.web.cern.ch/cms-physics/public/JME-10-010-pas.pdf}{CMS-PAS-JME-10-010}",
     YEAR         = "2010"
}
@ARTICLE{PFT-09-001-PAS,
      AUTHOR      = "{CMS Collaboration}",
      TITLE       = "Particle--Flow Event Reconstruction in {CMS} and Performance for Jets, Taus, and {\MET}",
      URL         = "http://cdsweb.cern.ch/record/1194487",
      JOURNAL     = "CMS Physics Analysis Summary",
      VOLUME      =  "CMS-PAS-PFT-09-001",
      YEAR        = "2009"
}
@Article{Baur:1989kv,
     author    = "Baur, U. and Spira, M. and Zerwas, P. M.",
     title     = "Excited Quark and Lepton Production at Hadron Colliders",
     journal   = "Phys. Rev. D",
     volume    = "42",
     year      = "1990",
     pages     = "815",
     doi       = "10.1103/PhysRevD.42.815",
     SLACcitation  = "%%CITATION = PHRVA,D42,815;%%"
}
@Article{Nakamura:2010zzi,
     author    = "Nakamura, K. and others",
 collaboration = "Particle Data Group",
     title     = "Review of particle physics",
     journal   = "J. Phys. G",
     volume    = "37",
     year      = "2010",
     pages     = "075021",
     doi       = "10.1088/0954-3899/37/7A/075021",
     SLACcitation  = "%%CITATION = JPHGB,G37,075021;%%"
}

@Article{Abdesselam:2010pt,
     author    = "Abdesselam, A. and others",
     title     = "Boosted objects: a probe of beyond the standard model physics",
     journal   = "Eur. Phys. J. C",
     volume    = "71",
     year      = "2011",
     pages     = "1661",
     doi       = "10.1140/epjc/s10052-011-1661-y",
     SLACcitation  = "%%CITATION = 1012.5412;%%"
}

@Article{Collaboration:2013dp,
     author       = "{CMS Collaboration}",
     title     = "Status of the 8 TeV Jet Energy Corrections and Uncertainties based on 11/fb of data in CMS", 
     JOURNAL = "CMS Detector Performance Plots",
     VOLUME    = "\href{http://cms.cern.ch/iCMS/jsp/db_notes/noteInfo.jsp?cmsnoteid=CMS DP-2013/011}{DP-2013/011}",
     year      = "2013",
}


@Article{Krohn:2009th,
     author    = "Krohn, David and Thaler, Jesse and Wang, Lian-Tao",
     title     = "Jet Trimming",
     journal   = "JHEP",
     volume    = "02",
     year      = "2010",
     pages     = "084",
     doi       = "10.1007/JHEP02(2010)084",
     SLACcitation  = "%%CITATION = 0912.1342;%%"
}

@TECHREPORT{modelCalc,
      AUTHOR      = "Gumus, Kazim and others",
      COLLABORATION = "CMS",
      TITLE       = "{CMS} Sensitivity to Dijet Resonances",
      TYPE     = "CMS Note",
      NUMBER      = "2006/070",
      URL = "http://cdsweb.cern.ch/record/962025",
      YEAR        = "2006"
}

@Article{Cacciari:2007fd,
     author    = "Cacciari, Matteo and Salam, Gavin P.",
     title     = "Pileup subtraction using jet areas",
     journal   = "Phys. Lett. B",
     volume    = "659",
     year      = "2008",
     pages     = "119",
     doi       = "10.1016/j.physletb.2007.09.077",
     SLACcitation  = "%%CITATION = 0707.1378;%%"
}

@Article{JME-JINST,
     author    = "{CMS Collaboration}",
     title     = "{Determination of Jet Energy Calibration and Transverse Momentum Resolution in CMS}",
     journal   = "J. Instrum.",
     volume    = "6",
     year      = "2011",
     pages     = "P11002",
     eprint    = "1107.4277",
     archivePrefix = "arXiv",
     primaryClass  =  "hep-ph",
     doi       = "10.1088/1748-0221/6/11/P11002",
}

@TECHREPORT{SMP-12-008-PAS,
      COLLABORATION = "CMS",
      TITLE       = "CMS Luminosity Based on Pixel Cluster Counting Summer 2012 Update",
      AUTHOR      = "{CMS Collaboration}",
      URL         = "http://cds.cern.ch/record/1482193/files/?ln=en",
      TYPE        = "CMS Physics Analysis Summary",
      NUMBER      = "CMS-PAS-LUM-12-001",
      YEAR        = "2012"
}
@ARTICLE{ref:interpolation,
      AUTHOR      = "{CMS Collaboration}",
      TITLE       = "Plans to Search for New Physics Decaying to Dijets in pp Collisions at $\sqrt{s}$ = 10 {TeV}",
      JOURNAL     = "CMS Physics Analysis Summary",
      VOLUME      = "CMS-AN-2009-070",
      YEAR        = "2009"
}

@ARTICLE{mrst,
      AUTHOR      = "A. D. Martin and R. G. Roberts and W. J. Stirling and R. S. Throne",
      TITLE       = "{MRST2001}: partons and alpha\_S from precise deep inelastic scattering and Tevatron jet data",
     journal   = "Eur. Phys. J. C",
     volume    = "23",
     year      = "2002",
     pages     = "73",
     eprint    = "hep-ph/0110215",
     archivePrefix = "arXiv",
     primaryClass  =  "hep-ph",
     doi       = "10.1007/s100520100842",
}

@ARTICLE{mrst2006,
      AUTHOR      = "A. D. Martin and W. J. Stirling and R. S. Throne and G. Watt",
      TITLE       = "Update of Parton Distributoins at NNLO",
     journal   = "Phys. Lett. B",
     volume    = "652",
     year      = "2007",
     pages     = "292",
     eprint    = "0706.0459",
     archivePrefix = "arXiv",
     primaryClass  =  "hep-ph",
     doi       = "10.1016/j.physletb.2007.07.040",
}

@Article{Collaboration:2012dp,
     author       = "{CMS Collaboration}",
     title     = "Jet Energy Corrections and Uncertainties Detector Performance Plots for 2012", 
     JOURNAL = "CMS Detector Performance Plots",
     VOLUME    = "\href{http://cms.cern.ch/iCMS/jsp/db_notes/noteInfo.jsp?cmsnoteid=CMS DP-2012/012}{DP-2012/012}",
     year      = "2012",
}
@UNPUBLISHED{resonanceshape,
     author    = "{CMS Collaboration}",
     title     = "Search for {Randall-Sundrum} Graviton Excitations in the {CMS} Experiment",
     year      = "2002",
     eprint    = "hep-ex/0207061",
     archivePrefix = "arXiv",
     primaryClass  =  "hep-ex",
}

@ARTICLE{hadronictop,
      AUTHOR      = "{CMS Collaboration}",
      TITLE       = "Search for anomalous t t-bar production in the highly-boosted all-hadronic final state",
      JOURNAL     = "JHEP",
     volume    = "1209",
     pages     = "029",
     doi       = "10.1007/JHEP09(2012)029",
     year      = "2012",
     eprint    = "1204.2488",
     archivePrefix = "arXiv",
     primaryClass  =  "hep-ex",

}






@ARTICLE{CMSexcitedPAS,
     author    = "{CMS Collaboration}",
     title     = "Search for New Physics with the Dijet Angular Ratio",
     journal   = "CMS Physics Analysis Summary",
      URL         = "https://cdsweb.cern.ch/record/1430651",
      VOLUME      = "\href{https://cdsweb.cern.ch/record/1430651}{CMS-PAS-EXO-11-026}",
     year      = "2012",
}

@ARTICLE{ATLASexcitedPAPER,
     author    = "{ATLAS Collaboration}",
     title     = "Search for New Physics in the Dijet Mass Distribution using 1/fb of pp Collision Data at $\sqrt{s}$ = 7 {TeV} collected by the {ATLAS} Detector",
     journal   = "Phys. Lett. B",
     volume    = "708",
     year      = "2012",
     pages     = "37",
     eprint    = "1108.6311",
     archivePrefix = "arXiv",
     primaryClass  =  "hep-ex",
     doi       = "10.1016/j.physletb.2012.01.035",
}

@ARTICLE{CMSexcitedPAPER,
      COLLABORATION = "CMS",
      TITLE       = "Search for resonances in the dijet mass spectrum from 7~{TeV} pp collisions at {CMS}",
      AUTHOR      = "Chatrchyan, Serguei and others",
      JOURNAL     = "Phys. Lett. B",
      VOLUME      = "704",
      PAGES       = "123",
      DOI         = "10.1016/j.physletb.2011.09.015",
      YEAR        = "2011"
}

@ARTICLE{CDFexcitedPAPER,
     author    = "F. Abe and others",
     collaboration = "CDF",
     title     = "Search for excited quarks in $p\bar{p}$ collisions at $\sqrt{s}$ = 1.8 {TeV}",
     journal   = "Phys. Rev. Lett.",
     volume    = "72",
     year      = "1994",
     pages     = "3004",
     doi       = "10.1103/PhysRevLett.72.3004",
}

@ARTICLE{D0excitedPAPER,
     author    = "V. M. Abazov and others",
     collaboration = "D0",
     title     = "Search for a heavy resonance decaying into a {Z+ jet} final state in p$\bar{p}$ collisions at $\sqrt{s}$ = 1.96 {TeV} using the {D0} detector",
     journal   = "Phys. Rev. D",
     volume    = "74",
     year      = "2006",
     pages     = "011104",
     eprint    = "hep-ex/0606018",
     archivePrefix = "arXiv",
     primaryClass  =  "hep-ex",
     doi       = "10.1103/PhysRevD.74.011104",
}

@ARTICLE{CMSwprimePAS,
      COLLABORATION = "CMS",
      TITLE       = "Search for leptonic decays of {\PWpr} bosons in pp collisions at {$\sqrt{s}=7\TeV$}",
      AUTHOR      = "Chatrchyan, Serguei and others",
      JOURNAL     = "JHEP",
      VOLUME      = "08",
      PAGES       = "023",
      DOI         = "10.1007/JHEP08(2012)023",
      YEAR        = "2012"
}
@ARTICLE{ATLASwprimePAPER,
     author    = "G. Aad and others",
     collaboration = "ATLAS",
     title     = "Search for a heavy gauge boson decaying to a charged lepton and a neutrino in 1 fb$^{-1}$ of pp collisions at $\sqrt{s}$ = 7 {TeV} using the {ATLAS} detector",
     journal   = "Phys. Lett. B",
     volume    = "705",
     year      = "2011",
     pages     = "28",
     eprint    = "1108.1316",
     archivePrefix = "arXiv",
     primaryClass  =  "hep-ex",
     doi       = "10.1016/j.physletb.2011.09.093",
}

@ARTICLE{CMSwprimePAPERmu,
     author    = "{CMS Collaboration}",
     title     = "Search for a {W'} boson decaying to a muon and a neutrino in pp collisions at $\sqrt{s}$ = 7 {TeV}",
     journal   = "Phys. Lett. B",
     volume    = "701",
     year      = "2011",
     pages     = "160",
     doi       = "10.1016/j.physletb.2011.05.048",
     eprint    = "1103.0030",
     archivePrefix = "arXiv",
     primaryClass  =  "hep-ex",
}

@ARTICLE{CMSwprimePAPERe,
     author    = "{CMS Collaboration}",
     title     = "Search for a heavy gauge boson {W'} in the final state with an electron and large missing transverse energy in pp collisions at $\sqrt{s}$ = 7 {TeV}",
     journal   = "Phys. Lett. B",
     volume    = "698",
     year      = "2011",
     pages     = "21",
     doi       = "10.1016/j.physletb.2011.02.048",
}

@ARTICLE{CMSwprimePAPER2013,
      COLLABORATION = "CMS",
      TITLE       = "Search for new physics in final states with a lepton and missing transverse energy in pp collisions at the LHC",
      AUTHOR      = "Chatrchyan, Serguei and others",
      JOURNAL     = "Phys. Rev. D",
      VOLUME      = "87",
      PAGES       = "072005",
      DOI         = "10.1103/PhysRevD.87.072005",
      YEAR        = "2013"
}
@ARTICLE{ATLASwprimeWZPAS,
     author    = "G. Aad and others",
     collaboration = "ATLAS",
     title     = "Search for resonant {WZ} production in the {WZ} to l nu l' l' channel in $\sqrt{s}$ = 7 {TeV} pp collisions with the {ATLAS} detector",
     journal   = "Phys. Rev. D",
     volume    = "85",
     pages     = "112012",
     eprint    = "1204.1648",
     archivePrefix = "arXiv",
     primaryClass  =  "hep-ex",
     year      = "2012",
     doi       = "10.1103/PhysRevD.85.112012",
}

@ARTICLE{GravitonWWZZ1,
     author    = "Kaustubh Agashe and Hooman Davoudiasl and Gilad Perez and Amarjit Soni",
     title     = "Warped Gravitons at the {LHC} and Beyond",
     journal   = "Phys. Rev. D",
     volume    = "76",
     year      = "2007",
     pages     = "036006",
     eprint    = "hep-ph/0701186",
     archivePrefix = "arXiv",
     primaryClass  =  "hep-ph",
     doi       = "10.1103/PhysRevD.76.036006",
}

@ARTICLE{GravitonWWZZ2,
     author    = "Oleg Antipin and David Atwood and Amarjit Soni",
     title     = "Search for {RS} gravitons via $W_L W_L$ decays",
     journal   = "Phys. Lett. B",
     volume    = "666",
     year      = "2008",
     pages     = "155",
     eprint    = "0711.3175",
     archivePrefix = "arXiv",
     primaryClass  =  "hep-ph",
     doi       = "10.1016/j.physletb.2008.07.009",
}

@ARTICLE{GravitonWWZZ3,
     author    = "Oleg Antipin and Amarjit Soni",
     title     = "Towards establishing the spin of warped gravitons",
     journal   = "JHEP",
     volume    = "10",
     year      = "2008",
     pages     = "018",
     eprint    = "0806.3427",
     archivePrefix = "arXiv",
     primaryClass  =  "hep-ph",
     doi       = "10.1088/1126-6708/2008/10/018",
}



@ARTICLE{CMSZZPAS1,
     author    = "{CMS Collaboration}",
     title     = "Search for exotic resonances decaying into {V+Z} using final states with a jet and a lepton pair",
     journal   = "CMS Physics Analysis Summary",
      URL         = "https://cdsweb.cern.ch/record/1444879",
      VOLUME      = "\href{https://cdsweb.cern.ch/record/1444879}{CMS-PAS-EXO-11-081}",
     year      = "2012",
}

@ARTICLE{ATLASZZPAPER,
     author    = "G. Aad and others",
     collaboration = "ATLAS",
     title     = "Search for new particles decaying to {ZZ} using final states with leptons and jets with the {ATLAS} detector in $\sqrt{s}$ = 7 {TeV} proton-proton collisions",
     journal   = "Phys. Lett. B",
     volume    = "712",
     year      = "2012",
     pages     = "331",
     eprint    = "1203.0718",
     archivePrefix = "arXiv",
     primaryClass  =  "hep-ex",
     doi       = "10.1016/j.physletb.2012.05.020",
}

@ARTICLE{ATLASWWPAPER,
     author    = "G. Aad and others",
     collaboration = "ATLAS",
     title     = "Search for resonant diboson production in the WW/WZ $\rightarrow l \nu j j$ decay channels with the ATLAS detector at $\sqrt{s}$ = 7 {TeV}",
     journal   = "Phys. Rev. D",
     volume    = "87",
     year      = "2013",
     pages     = "112006",
     eprint    = "1305.0125",
     archivePrefix = "arXiv",
     primaryClass  =  "hep-ex",
     doi       = "10.1103/PhysRevD.87.112006",
}

@ARTICLE{CDFZZPAPER,
     author    = "T. Aaltonen and others",
     collaboration = "CDF",
     title     = "Search for high-mass resonances decaying into {ZZ} in p$\bar{p}$ collisions at $\sqrt{s}$ = 1.96 {TeV}",
     journal   = "Phys. Rev. D",
     volume    = "85",
     pages     = "012008",
     year      = "2012",
     eprint    = "1111.3432",
     archivePrefix = "arXiv",
     primaryClass  =  "hep-ex",
     doi       = "10.1103/PhysRevD.85.012008",
}



%%%%%%%%%%%%% REF PAPER

@Article{pomarol,
     author    = "Ghergetta, T. and Pomarol, A.",
     title     = "Bulk Fields and Supersymmetry in a Slice of AdS",
     journal   = "Nucl. Phys. B",
     volume    = "586",
     year      = "2000",
     pages     = "141",
     doi       = "10.1016/S0550-3213(00)00392-8",
     SLACcitation  = "%%CITATION = HEP-PH 0003129;%%"
}
@Article{huber,
     author    = "Huber, S.J. and Shafi, Q.",
     title     = "Fermion Masses, Mixings and Proton Decay in a Randall-Sundrum Model",
     journal   = "Phys. Lett. B",
     volume    = "498",
     year      = "2001",
     pages     = "256",
     doi       = "10.1016/S0370-2693(00)01399-X",
     SLACcitation  = "%%CITATION = HEP-PH 0010195;%%"
}

@Article{Davoudiasl:2000wi,
  author =       "H. Davoudiasl and J. L. Hewett and T. G. Rizzo",
  title =        "Experimental probes of localized gravity: on and off
                 the wall",
  journal =      "Phys. Rev.",
  volume =       "D63",
  year =         "2001",
  pages =        "075004",
  eprint =       "hep-ph/0006041",
  archiveprefix = "arXiv",
  doi =          "10.1103/PhysRevD.63.075004",
  slaccitation = "%%CITATION = HEP-PH/0006041;%%",
}
@article{Chatrchyan:2011fq,
      author         = "Chatrchyan, Serguei and others",
      title          = "Search for signatures of extra dimensions in the
                        diphoton mass spectrum at the {Large Hadron Collider}",
      collaboration  = "CMS",
      year           = "2011",
      eprint         = "1112.0688",
      archivePrefix  = "arXiv",
      primaryClass   = "hep-ex",
      reportNumber   = "CMS-EXO-11-038, CERN-PH-EP-2011-173",
      SLACcitation   = "%%CITATION = ARXIV:1112.0688;%%",
}
@Article{Abazov:2010dj,
  author =       "Victor Mukhamedovich Abazov and others",
  title =        "Search for resonant {WW} and {WZ} production in ppbar
                 collisions at $\sqrt{s}$ = 1.96 {TeV}",
  collaboration = "D0",
  journal =      "Phys. Rev. Lett.",
  volume =       "107",
  pages =        "011801",
  doi =          "10.1103/PhysRevLett.107.011801",
  year =         "2011",
  eprint =       "1011.6278",
  archiveprefix = "arXiv",
  primaryclass = "hep-ex",
  reportnumber = "FERMILAB-PUB-10-485-E",
  slaccitation = "%%CITATION = ARXIV:1011.6278;%%",
}
@Article{Aaltonen:2010cf,
  author =       "T. Aaltonen and others",
  title =        "Search for {Randall-Sundrum} gravitons in the diphoton
                 channel at {CDF}",
  collaboration = "CDF",
  journal =      "Phys. Rev.",
  volume =       "D83",
  pages =        "011102",
  doi =          "10.1103/PhysRevD.83.011102",
  year =         "2011",
  eprint =       "1012.2795",
  archiveprefix = "arXiv",
  primaryclass = "hep-ex",
}
@article{Collaboration:2011dca,
      author         = "Aad, Georges and others",
      title          = "Search for dilepton resonances in pp collisions at
                        $\sqrt{s}$ = 7 {TeV} with the {ATLAS} detector",
      collaboration  = "ATLAS Collaboration",
      journal        = "Phys. Rev. Lett.",
      volume         = "107",
      pages          = "272002",
      year           = "2011",
      eprint         = "1108.1582",
      archivePrefix  = "arXiv",
      primaryClass   = "hep-ex",
      reportNumber   = "CERN-PH-EP-2011-123",
      SLACcitation   = "%%CITATION = ARXIV:1108.1582;%%",
}

@article{Contino:2011np,
      author         = "Contino, Roberto and Marzocca, David and Pappadopulo,
                        Duccio and Rattazzi, Riccardo",
      title          = "On the effect of resonances in composite Higgs
                        phenomenology",
      journal        = "JHEP",
      volume         = "10",
      pages          = "081",
      year           = "2011",
      eprint         = "1109.1570",
      archivePrefix  = "arXiv",
      primaryClass   = "hep-ph",
      reportNumber   = "CERN-PH-TH-2009-036",
      SLACcitation   = "%%CITATION = ARXIV:1109.1570;%%",
}

@article{Kaplan:1983fs,
      author         = "Kaplan, David B. and Georgi, Howard",
      title          = "{SU(2) x U(1)} Breaking by Vacuum Misalignment",
      journal        = "Phys. Lett. B",
      volume         = "136",
      pages          = "183",
      doi            = "10.1016/0370-2693(84)91177-8",
      year           = "1984",
      reportNumber   = "HUTP-83/A069",
      SLACcitation   = "%%CITATION = PHLTA,B136,183;%%",
}

@article{Agashe:2006at,
      author         = "Agashe, Kaustubh and Contino, Roberto and Da Rold,
                        Leandro and Pomarol, Alex",
      title          = "A Custodial symmetry for {Zb anti-b}",
      journal        = "Phys. Lett. B",
      volume         = "641",
      pages          = "62",
      doi            = "10.1016/j.physletb.2006.08.005",
      year           = "2006",
      eprint         = "hep-ph/0605341",
      archivePrefix  = "arXiv",
      primaryClass   = "hep-ph",
      reportNumber   = "CERN-PH-TH-2006-104, UAB-FT-603, SU-4252-829",
      SLACcitation   = "%%CITATION = HEP-PH/0605341;%%",
}

@article{Susskind:1978ms,
      author         = "Susskind, Leonard",
      title          = "Dynamics of Spontaneous Symmetry Breaking in the
                        {Weinberg-Salam} Theory",
      journal        = "Phys. Rev.",
      volume         = "D20",
      pages          = "2619",
      doi            = "10.1103/PhysRevD.20.2619",
      year           = "1979",
      reportNumber   = "SLAC-PUB-2142",
      SLACcitation   = "%%CITATION = PHRVA,D20,2619;%%",
}

@article{Weinberg:1979bn,
      author         = "Weinberg, Steven",
      title          = "Implications of Dynamical Symmetry Breaking: An
                        Addendum",
      journal        = "Phys. Rev.",
      volume         = "D19",
      pages          = "1277",
      doi            = "10.1103/PhysRevD.19.1277",
      year           = "1979",
      SLACcitation   = "%%CITATION = PHRVA,D19,1277;%%",
}

@article{Randall:1999ee,
      author         = "Randall, Lisa and Sundrum, Raman",
      title          = "A Large mass hierarchy from a small extra dimension",
      journal        = "Phys. Rev. Lett.",
      volume         = "83",
      pages          = "3370",
      doi            = "10.1103/PhysRevLett.83.3370",
      year           = "1999",
      eprint         = "hep-ph/9905221",
      archivePrefix  = "arXiv",
      primaryClass   = "hep-ph",
      reportNumber   = "MIT-CTP-2860, PUPT-1860, BUHEP-99-9",
      SLACcitation   = "%%CITATION = HEP-PH/9905221;%%",
}

@article{Randall:1999vf,
      author         = "Randall, Lisa and Sundrum, Raman",
      title          = "An Alternative to compactification",
      journal        = "Phys. Rev. Lett.",
      volume         = "83",
      pages          = "4690",
      doi            = "10.1103/PhysRevLett.83.4690",
      year           = "1999",
      eprint         = "hep-th/9906064",
      archivePrefix  = "arXiv",
      primaryClass   = "hep-th",
      reportNumber   = "MIT-CTP-2874, PUPT-1867, BUHEP-99-13",
      SLACcitation   = "%%CITATION = HEP-TH/9906064;%%",
}

@InProceedings{bib_tunez1,
     author    = "Field, Rick",
     title     = "Early {LHC} Underlying Event Data -- Findings and
                  Surprises",
     year      = "2010",
     booktitle = "Proceeedings of the  Hadron Collider Physics Symposium 2010",
     eprint    = "1010.3558",
     archivePrefix = "arXiv",
     primaryClass  =  "hep-ph",
     SLACcitation  = "%%CITATION = 1010.3558;%%"
}

@UNPUBLISHED{exo12016,
     author       = "{CMS Collaboration}",
     title     =  "Search for narrow resonances using the dijet mass spectrum in pp collisions at $\sqrt{s} $ = 8 {TeV}",
     note  = "Submitted to Phys. Rev. Lett",	
     year      = "2012",
     eprint    = "1302.4794",
     archivePrefix = "arXiv",
     primaryClass  =  "hep-ex"	
}

@article{ATLASexcitedPAS,
     author    = "{ATLAS Collaboration}",
     title     = "ATLAS search for new phenomena in dijet mass and angular distributions using pp collisions at $\sqrt{s}$ = 7 {TeV}",
     journal   = "JHEP",
     year      = "2013",
     eprint    = "1210.1718",
     volume    = "1301",
     pages     = "029",
     doi       = "10.1007/JHEP01(2013)029",
     archivePrefix = "arXiv",
     SLACcitation  = "%%CITATION = 1210.1718;%%"
}

@article{CMSqZPAS,
     author    = "{CMS Collaboration}",
     title     = "Search for anomalous production of highly boosted {Z} bosons decaying to dimuons in pp collisions at $\sqrt{s}$ = 7 {TeV}",
     journal      = "Phys. Lett. B",
     year      = "2013",
     volume    = "722",
     pages     = "28",
     doi       = "10.1016/j.physletb.2013.03.037",
     eprint    = "1210.0867",
     archivePrefix = "arXiv",
     SLACcitation  = "%%CITATION = 1210.0867;%%"
}


@article{CMSZZPAS2,
     author    = "{CMS Collaboration}",
     title     = "Search for a narrow spin-2 resonance decaying to a pair of {Z} vector bosons in the semileptonic final state",
     journal      = "Phys. Lett. B",
     volume    = "718",
     pages     = "1208",
     doi       = "10.1016/j.physletb.2012.11.063",
     year      = "2013",
     eprint    = "1209.3807",
     archivePrefix = "arXiv",
     SLACcitation  = "%%CITATION = 1209.3807;%%"
}

@Article{CLs1,
     author    = "Read, Alexander L.",
     title     = "{Presentation of search results: The CL(s) technique}",
     journal   = "J. Phys.",
     volume    = "G28",
     year      = "2002",
     pages     = "2693-2704",
     doi       = "10.1088/0954-3899/28/10/313",
     SLACcitation  = "%%CITATION = JPHGB,G28,2693;%%"                                                                                                     
}

@Article{CLs3,
     author    = "Junk, T.",
     title     = "{Confidence level computation for combining searches with small statistics}",
     journal   = "Nucl. Instrum. Meth. A",
     volume    = "434",
     year      = "1999",
     pages     = "435",
     doi       = "10.1016/S0168-9002(99)00498-2",
}

@TECHREPORT{ATLASCMSstat,
      title         = "{Procedure for the LHC Higgs boson search combination in
                       Summer 2011}",
      collaboration = "The ATLAS Collaboration, The CMS Collaboration, The LHC
                       Higgs Combination Group",
      TYPE        =  "CMS-NOTE-2011-005,",
      number        = "ATL-PHYS-PUB-2011-11",
      year          = "2011",
}



@article{AsymptCLs,
         AUTHOR = "{G.~Cowan, K.~Cranmer, E.~Gross, O.~Vitells}",
         TITLE  = "Asymptotic formulae for likelihood based tests of new physics",
         journal = "Eur.~Phys.~J.",
         volume = "C71",
         year = "2011",
         pages = "1554",
         eprint    = "physics/1007.1727v2"
}

@article{Thaler:2010tr,
      author         = "Thaler, Jesse and Van Tilburg, Ken",
      title          = "{Identifying Boosted Objects with N-subjettiness}",
      journal        = "JHEP",
      volume         = "1103",
      pages          = "015",
      doi            = "10.1007/JHEP03(2011)015",
      year           = "2011",
      eprint         = "1011.2268",
      archivePrefix  = "arXiv",
      primaryClass   = "hep-ph",
      reportNumber   = "MIT-CTP-4191",
      SLACcitation   = "%%CITATION = ARXIV:1011.2268;%%",
}

@article{Thaler:2011gf,
      author         = "Thaler, Jesse and Van Tilburg, Ken",
      title          = "{Maximizing Boosted Top Identification by Minimizing
                        N-subjettiness}",
      journal        = "JHEP",
      volume         = "1202",
      pages          = "093",
      doi            = "10.1007/JHEP02(2012)093",
      year           = "2012",
      eprint         = "1108.2701",
      archivePrefix  = "arXiv",
      primaryClass   = "hep-ph",
      reportNumber   = "MIT-CTP-4287",
      SLACcitation   = "%%CITATION = ARXIV:1108.2701;%%",
}

@article{Stewart:2010tn,
      author         = "Stewart, Iain W. and Tackmann, Frank J. and Waalewijn,
                        Wouter J.",
      title          = "{N-Jettiness: An Inclusive Event Shape to Veto Jets}",
      journal        = "Phys.Rev.Lett.",
      volume         = "105",
      pages          = "092002",
      doi            = "10.1103/PhysRevLett.105.092002",
      year           = "2010",
      eprint         = "1004.2489",
      archivePrefix  = "arXiv",
      primaryClass   = "hep-ph",
      reportNumber   = "MIT-CTP-4139",
      SLACcitation   = "%%CITATION = ARXIV:1004.2489;%%",
}

@article{Gouzevitch:2013qca,
      author         = "Gouzevitch, Maxime and Oliveira, Alexandra and Rojo, Juan
                        and Rosenfeld, Rogerio and Salam, Gavin and others",
      title          = "{Scale-invariant resonance tagging in multijet events and
                        new physics in Higgs pair production}",
      year           = "2013",
      eprint         = "1303.6636",
      archivePrefix  = "arXiv",
      primaryClass   = "hep-ph",
      reportNumber   = "CERN-PH-TH-2012-311, ICTP-SAIFR-2013-003",
      SLACcitation   = "%%CITATION = ARXIV:1303.6636;%%",
}

@Techreport{CLs2,
        author    = "Read, A.L.",
        title = "Modified frequentist analysis of search results (the ${CL}_s$ method)",
        institution   = "CERN",
        number    = "\href{http://cdsweb.cern.ch/record/451614}{CERN-OPEN-2000-005}",
        year      = "2000",
        pages     = "81",
        url       = "http://cdsweb.cern.ch/record/451614"
}
@TECHREPORT{LUM-13-001,
      COLLABORATION = "CMS",
      TITLE       = "CMS Luminosity Based on Pixel Cluster Counting - Summer 2013 Update",
      AUTHOR      = "{CMS Collaboration}",
      URL         = "http://cdsweb.cern.ch/record/1598864",
      TYPE        = "CMS Physics Analysis Summary",
      NUMBER      = "CMS-PAS-LUM-13-001",
      YEAR        = "2013"
}
@article{Gao:2010qx,
      author         = "Gao, Yanyan and Gritsan, Andrei V. and Guo, Zijin and
                        Melnikov, Kirill and Schulze, Markus and others",
      title          = "{Spin determination of single-produced resonances at
                        hadron colliders}",
      journal        = "Phys.Rev.",
      volume         = "D81",
      pages          = "075022",
      doi            = "10.1103/PhysRevD.81.075022",
      year           = "2010",
      eprint         = "1001.3396",
      archivePrefix  = "arXiv",
      primaryClass   = "hep-ph",
      reportNumber   = "FERMILAB-PUB-10-011-E",
      SLACcitation   = "%%CITATION = ARXIV:1001.3396;%%",
}

@article{Bolognesi:2012mm,
      author         = "Bolognesi, Sara and Gao, Yanyan and Gritsan, Andrei V.
                        and Melnikov, Kirill and Schulze, Markus and others",
      title          = "{On the spin and parity of a single-produced resonance at
                        the LHC}",
      journal        = "Phys.Rev.",
      volume         = "D86",
      pages          = "095031",
      doi            = "10.1103/PhysRevD.86.095031",
      year           = "2012",
      eprint         = "1208.4018",
      archivePrefix  = "arXiv",
      primaryClass   = "hep-ph",
      reportNumber   = "ANL-HEP-PR-12-62, FERMILAB-PUB-12-475-PPD",
      SLACcitation   = "%%CITATION = ARXIV:1208.4018;%%",
}

@TECHREPORT{JME-13-006,
      COLLABORATION = "CMS",
      TITLE       = "Identifying Hadronically Decaying Vector Bosons Merged into a Single Jet",
      AUTHOR      = "{CMS Collaboration}",
      URL         = "http://cdsweb.cern.ch/record/1598864",
      TYPE        = "CMS Physics Analysis Summary",
      NUMBER      = "CMS-PAS-JME-13-006",
      YEAR        = "2013"
}

@BOOK{Ftest,
      TITLE       = "Statistical Concepts: A Second Course",
      AUTHOR      = "Lomax, Richard G. and Hahs-Vaughn, Debbie L.",
      Publisher   = "p.10, Routledge Academic",
      YEAR        = "2007"
}


@article{Davoudiasl:1999jd,
      author         = "Davoudiasl, H. and Hewett, J.L. and Rizzo, T.G.",
      title          = "{Phenomenology of the Randall-Sundrum Gauge Hierarchy
                        Model}",
      journal        = "Phys.Rev.Lett.",
      volume         = "84",
      pages          = "2080",
      doi            = "10.1103/PhysRevLett.84.2080",
      year           = "2000",
      eprint         = "hep-ph/9909255",
      archivePrefix  = "arXiv",
      primaryClass   = "hep-ph",
      reportNumber   = "SLAC-PUB-8241",
      SLACcitation   = "%%CITATION = HEP-PH/9909255;%%",
}

@article{Georgi:1984af,
      author         = "Georgi, Howard and Kaplan, David B.",
      title          = "{Composite Higgs and Custodial SU(2)}",
      journal        = "Phys.Lett.",
      volume         = "B145",
      pages          = "216",
      doi            = "10.1016/0370-2693(84)90341-1",
      year           = "1984",
      reportNumber   = "HUTP-84/A034",
      SLACcitation   = "%%CITATION = PHLTA,B145,216;%%",
}

@article{Marzocca:2012zn,
      author         = "Marzocca, David and Serone, Marco and Shu, Jing",
      title          = "{General Composite Higgs Models}",
      journal        = "JHEP",
      volume         = "1208",
      pages          = "013",
      doi            = "10.1007/JHEP08(2012)013",
      year           = "2012",
      eprint         = "1205.0770",
      archivePrefix  = "arXiv",
      primaryClass   = "hep-ph",
      reportNumber   = "SISSA-11-2012-EP",
      SLACcitation   = "%%CITATION = ARXIV:1205.0770;%%",
}



@article{Pappadopulo:2014qza,
      author         = "Pappadopulo, Duccio and Thamm, Andrea and Torre, Riccardo
                        and Wulzer, Andrea",
      title          = "{Heavy Vector Triplets: Bridging Theory and Data}",
      year           = "2014",
      eprint         = "1402.4431",
      archivePrefix  = "arXiv",
      primaryClass   = "hep-ph",
      SLACcitation   = "%%CITATION = ARXIV:1402.4431;%%",
}

@article{Lizana:2013xla,
      author         = "Lizana, Javier M. and Perez-Victoria, Manuel",
      title          = "{Vector triplets at the LHC}",
      journal        = "EPJ Web Conf.",
      volume         = "60",
      pages          = "17008",
      doi            = "10.1051/epjconf/20136017008",
      year           = "2013",
      eprint         = "1307.2589",
      archivePrefix  = "arXiv",
      SLACcitation   = "%%CITATION = ARXIV:1307.2589;%%",
}

@article{higgsdiscoveryAtlas,
      author         = "Aad, Georges and others",
      title          = "{Observation of a new particle in the search for the
                        Standard Model Higgs boson with the ATLAS detector at the
                        LHC}",
      collaboration  = "ATLAS Collaboration",
      journal        = "Phys.Lett.",
      volume         = "B716",
      pages          = "1-29",
      doi            = "10.1016/j.physletb.2012.08.020",
      year           = "2012",
      eprint         = "1207.7214",
      archivePrefix  = "arXiv",
      primaryClass   = "hep-ex",
      reportNumber   = "CERN-PH-EP-2012-218",
      SLACcitation   = "%%CITATION = ARXIV:1207.7214;%%",
}

@article{Chatrchyan:2012ufa,
      author         = "Chatrchyan, Serguei and others",
      title          = "{Observation of a new boson at a mass of 125 GeV with the
                        CMS experiment at the LHC}",
      collaboration  = "CMS Collaboration",
      journal        = "Phys.Lett.",
      volume         = "B716",
      pages          = "30-61",
      doi            = "10.1016/j.physletb.2012.08.021",
      year           = "2012",
      eprint         = "1207.7235",
      archivePrefix  = "arXiv",
      primaryClass   = "hep-ex",
      reportNumber   = "CMS-HIG-12-028, CERN-PH-EP-2012-220",
      SLACcitation   = "%%CITATION = ARXIV:1207.7235;%%",
}
@article{Cooper:2013kia,
      author         = "Cooper, Ben and Konstantinidis, Nikos and Lambourne, Luke
                        and Wardrope, David",
      title          = "{Boosted $hh \rightarrow b\bar{b}b\bar{b}$: a new
                        topology in searches for TeV-scale resonances at the LHC}",
      journal        = "Phys.Rev.",
      volume         = "D88",
      pages          = "114005",
      doi            = "10.1103/PhysRevD.88.114005",
      year           = "2013",
      eprint         = "1307.0407",
      archivePrefix  = "arXiv",
      primaryClass   = "hep-ex",
      SLACcitation   = "%%CITATION = ARXIV:1307.0407;%%",
}

@Unpublished{CR-2013/424,
author = {Marchesini, Ivan  {\it et al.} [CMS Collaboration]},
title = {Boosted heavy particles and jet substructure with the CMS detector},
note = {CMS-CR-2013-424 ; CERN-CMS-CR-2013-424}
}

@techreport{CMS-PAS-JME-10-013,
      title         = "{Jet Substructure Algorithms}",
      institution   = "CERN",
      collaboration = "CMS Collaboration",
      address       = "Geneva",
      number        = "CMS-PAS-JME-10-013",
      year          = "2011",
}

@Unpublished{cms-subjets2,
author = {V.~Khachatryan  {\it et al.} [CMS Collaboration]},
title = {Study of Jet Substructure in pp Collisions at 7 TeV in CMS},
note = {CMS PAS JME-10-013}
}

@Article{mssm,
     author    = "Dimopoulos, Savas and Georgi, Howard",
     title     = "Softly Broken Supersymmetry and SU(5)",
     journal   = "Nucl. Phys.",
     volume    = "B193",
     year      = "1981",
     pages     = "150",
     doi       = "10.1016/0550-3213(81)90522-8",
     SLACcitation  = "%%CITATION = NUPHA,B193,150;%%"
}
@Article{nsd,
     author    = "Weinberg, Steven",
     title     = "Implications of Dynamical Symmetry Breaking",
     journal   = "Phys. Rev.",
     volume    = "D13",
     year      = "1976",
     pages     = "974",
     doi       = "10.1103/PhysRevD.13.974",
     SLACcitation  = "%%CITATION = PHRVA,D13,974;%%"
}
@Article{nsd2,
     author    = "Susskind, Leonard",
     title     = "Dynamics of Spontaneous Symmetry Breaking in the Weinberg-
                  Salam Theory",
     journal   = "Phys. Rev.",
     volume    = "D20",
     year      = "1979",
     pages     = "2619",
     doi       = "10.1103/PhysRevD.20.2619",
     SLACcitation  = "%%CITATION = PHRVA,D20,2619;%%"
}
@Article{nsd3,
     author    = "Hill, Christopher T. and Parke, Stephen J.",
     title     = "Top production: Sensitivity to new physics",
     journal   = "Phys. Rev.",
     volume    = "D49",
     year      = "1994",
     pages     = "4454",
     eprint    = "hep-ph/9312324",
     archivePrefix = "arXiv",
     doi       = "10.1103/PhysRevD.49.4454",
     SLACcitation  = "%%CITATION = HEP-PH/9312324;%%"
}
@Article{nsd4,
     author    = "Chivukula, R. Sekhar and Dobrescu, Bogdan A. and Georgi,
                  Howard and Hill, Christopher T.",
     title     = "Top quark seesaw theory of electroweak symmetry
                  breaking",
     journal   = "Phys. Rev.",
     volume    = "D59",
     year      = "1999",
     pages     = "075003",
     eprint    = "hep-ph/9809470",
     archivePrefix = "arXiv",
     doi       = "10.1103/PhysRevD.59.075003",
     SLACcitation  = "%%CITATION = HEP-PH/9809470;%%"
}
@Article{littlehiggs,
     author    = "Arkani-Hamed, Nima and Cohen, Andrew G. and Georgi, Howard
                  ",
     title     = "Electroweak symmetry breaking from dimensional
                  deconstruction",
     journal   = "Phys. Lett. B",
     volume    = "513",
     year      = "2001",
     pages     = "232",
     eprint    = "hep-ph/0105239",
     archivePrefix = "arXiv",
     doi       = "10.1016/S0370-2693(01)00741-9",
     SLACcitation  = "%%CITATION = HEP-PH/0105239;%%"
}
@Article{ed,
     author    = "Arkani-Hamed, Nima and Dimopoulos, Savas and Dvali, G. R.",
     title     = "The hierarchy problem and new dimensions at a
                  millimeter",
     journal   = "Phys. Lett. B",
     volume    = "429",
     year      = "1998",
     pages     = "263",
     eprint    = "hep-ph/9803315",
     archivePrefix = "arXiv",
     doi       = "10.1016/S0370-2693(98)00466-3",
     SLACcitation  = "%%CITATION = HEP-PH/9803315;%%"
}
@Article{cdftt1,
     author    = "Aaltonen, T. and others",
 collaboration = "CDF",
     title     = "Limits on the production of narrow t anti-t resonances in
                  p anti-p collisions at s**(1/2) = 1.96 {TeV}",
     journal   = "Phys. Rev.",
     volume    = "D77",
     year      = "2008",
     pages     = "051102",
     eprint    = "0710.5335",
     archivePrefix = "arXiv",
     primaryClass  =  "hep-ex",
     doi       = "10.1103/PhysRevD.77.051102",
     SLACcitation  = "%%CITATION = 0710.5335;%%"
}
@Article{cdftt2,
     author    = "Aaltonen, T. and others",
 collaboration = "CDF",
     title     = "Search for resonant t anti-t production in p anti-p
                  collisions at s**(1/2) = 1.96 {TeV}",
     journal   = "Phys. Rev. Lett.",
     volume    = "100",
     year      = "2008",
     pages     = "231801",
     eprint    = "0709.0705",
     archivePrefix = "arXiv",
     primaryClass  =  "hep-ex",
     doi       = "10.1103/PhysRevLett.100.231801",
     SLACcitation  = "%%CITATION = 0709.0705;%%"
}

@article{CMS:2013fea,
      author         = "CMS Collaboration",
      title          = "{Search for heavy resonances in the W/Z-tagged dijet mass
                        spectrum in pp collisions at 8 TeV}",
      collaboration  = "CMS Collaboration",
      year           = "2013",
      reportNumber   = "CMS-PAS-EXO-12-024",
      SLACcitation   = "%%CITATION = CMS-PAS-EXO-12-024 ETC.;%%",
}

@Article{cdftt3,
     author    = "Aaltonen, T. and others",
 collaboration = "CDF",
     title     = "Search for new particles decaying into dijets in
                  proton-antiproton collisions at s**(1/2) = 1.96 {TeV}",
     journal   = "Phys. Rev. D",
     volume    = "79",
     year      = "2009",
     pages     = "112002",
     eprint    = "0812.4036",
     archivePrefix = "arXiv",
     primaryClass  =  "hep-ex",
     doi       = "10.1103/PhysRevD.79.112002",
}


@article{EXO-12-024,
      author         = "Khachatryan, Vardan and others",
      title          = "{Search for massive resonances in dijet systems
                        containing jets tagged as W or Z boson decays in pp
                        collisions at $ \sqrt{s} $ = 8 TeV}",
      collaboration  = "CMS",
      journal        = "JHEP",
      volume         = "08",
      pages          = "173",
      doi            = "10.1007/JHEP08(2014)173",
      year           = "2014",
      eprint         = "1405.1994",
      archivePrefix  = "arXiv",
      primaryClass   = "hep-ex",
      reportNumber   = "CMS-EXO-12-024, CERN-PH-EP-2014-071",
      SLACcitation   = "%%CITATION = ARXIV:1405.1994;%%",
}


@Article{d0tt,
     title="Search for $t\overline{t}$ Resonances in the Lepton+Jets Final State in $p\overline{p}$ Collisions at $\sqrt{s}$ = 1.96 {TeV}",
     collaboration = "D0",
     journal   = "D0 Note",
     volume    = "5882-CONF",
     year="2009"
}


@Article{rs1,
     author    = "Randall, Lisa and Sundrum, Raman",
     title     = "A large mass hierarchy from a small extra dimension",
     journal   = "Phys. Rev. Lett.",
     volume    = "83",
     year      = "1999",
     pages     = "3370",
     doi       = "10.1103/PhysRevLett.83.3370",
     eprint    = "hep-ph/9905221",
     archivePrefix = "arXiv"
}

@Article{rs2,
     author    = "Randall, Lisa and Sundrum, Raman",
     title     = "An alternative to compactification",
     journal   = "Phys. Rev. Lett.",
     volume    = "83",
     year      = "1999",
     pages     = "4690",
     eprint    = "hep-th/9906064",
     archivePrefix = "arXiv"
}


@Article{rs_gluon_1,
     author    = "Agashe, Kaustubh and Belyaev, Alexander and Krupovnickas,
                  Tadas and Perez, Gilad and Virzi, Joseph",
     title     = "{LHC} signals from warped extra dimensions",
     journal   = "Phys. Rev.",
     volume    = "D77",
     year      = "2008",
     pages     = "015003",
     eprint    = "hep-ph/0612015",
     archivePrefix = "arXiv",
     doi       = "10.1103/PhysRevD.77.015003",
     SLACcitation  = "%%CITATION = HEP-PH/0612015;%%"
}


@ARTICLE{ttbar_kfactor,
     AUTHOR      = "Nikolaos Kidonakis and Ramona Vogt",
     TITLE       = "The theoretical top quark cross section at the Tevatron and the {LHC}",
     JOURNAL     = "Phys. Rev. D",
     VOLUME      = "78:074005",
     YEAR        = "2008",
     URL         = "http://arxiv.org/abs/0805.3844"
}

@ARTICLE{fullsim_summer08,
     author       = "{CMS Collaboration}",
     TITLE        = "Summer 08 Monte Carlo Production, https://twiki.cern.ch/twiki/bin/view/CMS/ProductionSummer2008",
     URL          = "https://twiki.cern.ch/twiki/bin/view/CMS/ProductionSummer2008"
}

@ARTICLE{fullsim_boostedtop,
     author       = "{CMS Collaboration}",
     TITLE        = "Boosted Top Group, https://twiki.cern.ch/twiki/bin/view/CMS/BoostedTop",
     URL          = "https://twiki.cern.ch/twiki/bin/view/CMS/BoostedTop"
}

@ARTICLE{roostatscms,
     AUTHOR        = "D. Piparo and Gregory Schott and G. Quast",
     TITLE         = "RooStatsCms: a tool for analyses modelling, combination and statistical studies",
     JOURNAL       = "arXiv:0812.2217v2"
}

@ARTICLE{cla_stats,
     AUTHOR        = "I. Bertram and  G. Landsberg and J. Linnemann and R. Partridge and M. Paterno and H.B. Prosper",
     TITLE         = "A Recipe for the Construction of Confidence Limits",
     JOURNAL       = "Fermilab TM 2104",
     YEAR          = "2000"
}


@book{ptdr_v2,
      author       = "{CMS Collaboration}",
      title        = "{CMS} physics: Technical Design Report, Volume 2",
      publisher    = "CERN",
      address      = "Geneva",
      series       = "Technical Design Report CMS",
      year         = "2006"
}

@Article{catop_theory,
     author    = "Kaplan, David E. and Rehermann, Keith and Schwartz, Matthew
                  D. and Tweedie, Brock",
     title     = "Top Tagging: A Method for Identifying Boosted Hadronically
                  Decaying Top Quarks",
     journal   = "Phys. Rev. Lett.",
     volume    = "101",
     year      = "2008",
     pages     = "142001",
     eprint    = "0806.0848",
     archivePrefix = "arXiv",
     primaryClass  =  "hep-ph",
     doi       = "10.1103/PhysRevLett.101.142001",
     SLACcitation  = "%%CITATION = 0806.0848;%%"
}


@Article{roostats_cl95,
     AUTHOR    = "Landsberg, G. and Kukartsev, G.",
     TITLE     = "RooStatsCl95: cross section in a counting experiment",
     JOURNAL    = "https://twiki.cern.ch/twiki/bin/view/CMS/RooStatsCl95"
}

@Article{higgs-combination,
     AUTHOR    = "Petrucciani, G.",
     TITLE     = "Documentation of the RooStats-based statistics tools for Higgs PAG",
     JOURNAL   = "https://twiki.cern.ch/twiki/bin/viewauth/CMS/SWGuideHiggsAnalysisCombinedLimit"
}







@ARTICLE{cmsdetector,
     author       = "{CMS Collaboration}",
     JOURNAL      = "JINST",
     VOLUME       = "3",
     YEAR         = "2009"
     }





@ARTICLE{mlm,
     AUTHOR       = "S. Hoche et al.",
     JOURNAL      = "hep-ph/0602031"
     }

@ARTICLE{io,
     AUTHOR       = "P. Bartalini, R. Chierici and A. De Roeck",
     JOURNAL      = " CERN-CMS-NOTE 2005-013",
     YEAR         = "2005"
     }

@ARTICLE{UEtuning,
     AUTHOR       = "D. Acosta et al.",
     JOURNAL      = "CERN-CMS-NOTE, 2006-067",
     YEAR         = "2006"
     }


@Article{boostedhiggs,
     author    = "Butterworth, Jonathan M. and Davison, Adam R. and Rubin,
                  Mathieu and Salam, Gavin P.",
     title     = "Jet substructure as a new Higgs search channel at the
                  {LHC}",
     journal   = "Phys. Rev. Lett.",
     volume    = "100",
     year      = "2008",
     pages     = "242001",
     eprint    = "0802.2470",
     archivePrefix = "arXiv",
     primaryClass  =  "hep-ph",
     doi       = "10.1103/PhysRevLett.100.242001",
     SLACcitation  = "%%CITATION = 0802.2470;%%"
}


@ARTICLE{pdg-higgs,
     author       = "Carena, M. and Grojean, C. and Kado, M. and Sharma, V.",
     title="Status of Higgs Boson Physics",
     JOURNAL     = "PDG",
     URL         = "http://pdg.lbl.gov/2013/reviews/rpp2013-rev-higgs-boson.pdf",
     YEAR         = "2013"
     }


@ARTICLE{optimizationNote,
     author       = "{CMS Boosted Top Group}",
     TITLE        = "Studies of Top Tagging Algorithms",
     JOURNAL      = "CMS AN-2010/080",
     YEAR         = "2010"
     }


@ARTICLE{ktalg,
     author    = "Cacciari, Matteo and Salam, Gavin P. and Soyez, Gregory",
     title     = "The anti-kt jet clustering algorithm",
     journal   = "JHEP",
     volume    = "04",
     year      = "2008",
     pages     = "063",
     eprint    = "0802.1189",
     archivePrefix = "arXiv",
     primaryClass  =  "hep-ph",
     SLACcitation  = "%%CITATION = 0802.1189;%%",
     doi       =  "10.1088/1126-6708/2008/04/063",
}




@ARTICLE{jec_spring10,
     author       = "{CMS Collaboration}",
     TITLE="Jet Energy Corrections determination at 7 {TeV} ",
     JOURNAL     = "CMS Physics Analysis Summary",
     VOLUME      = "CMS PAS JME-10-010",
     URL         = "http://cdsweb.cern.ch/record/1308178",
     YEAR         = "2010"
     }

@Article{Ellis:2007ib,
     author    = "Ellis, S. D. and Huston, J. and Hatakeyama, K. and Loch, P. and Tonnesmann, M.",
     title     = "Jets in hadron-hadron collisions",
     journal   = "Prog. Part. Nucl. Phys.",
     volume    = "60",
     year      = "2008",
     pages     = "484",
     eprint    = "0712.2447",
     archivePrefix = "arXiv",
     primaryClass  =  "hep-ph",
     doi       = "10.1016/j.ppnp.2007.12.002",
     SLACcitation  = "%%CITATION = 0712.2447;%%"
}


@Article{:2008zzk,
     author    = "Chatrchyan, S. and others",
     collaboration = "CMS",
     title     = "The {CMS} experiment at the {CERN} {LHC}",
     journal   = "JINST",
     volume    = "03",
     year      = "2008",
     pages     = "S08004",
     doi       = "10.1088/1748-0221/3/08/S08004",
     SLACcitation  = "%%CITATION = JINST,3,S08004;%%"
}


@Article{fastjet2,
     author    = "Cacciari, Matteo and Salam, Gavin P. and Soyez, G.",
     title     = "fastjet Package",
      URL         = "http://fastjet.fr/"
}

@ARTICLE{BTV-13-001,
    author	= "{CMS Collaboration}",
    title	= "Performance of b tagging at $\sqrt{s}$ = 8 TeV in multijet, $t\overline{t}$ and boosted topology events", 
    JOURNAL 	= "CMS PAS BTV-13-001",
    YEAR 	= "2013"

}

@ARTICLE{gut, 
	author	=	"A.Leike",
	title	= 	"The Phenomenology of extra neutral gauge bosons",
	JOURNAL	=	"Phys.Rept.317",
	YEAR	= 	"1999",
}
@ARTICLE{ZprimePaper, 
	author 	= 	"T.G.Rizzo", 
	title	=	"Z' phenomenology and the LHC",
	JORNAL	=	"arXiv:hep-ph/9805494",
}

@ARTICLE{EXO-11-015,
     author       = "{CMS Collaboration}",
     title="Search for New Physics in the Dijet Mass Spectrum",
     JOURNAL      = "CMS PAS EXO-11-015",
     YEAR         = "2011"
     }

@ARTICLE{EXO-11-016,
     author       = "{CMS Collaboration}",
     title="Search for New Physics in the Paired Dijet Mass Spectrum",
     JOURNAL      = "CMS PAS EXO-11-016",
     YEAR         = "2011"
     }


@article{mstw,
      author         = "Martin, A.D. and others",
      title          = "Parton distributions for the {LHC}",
      journal        = "Eur. Phys. J. C",
      volume         = "63",
      pages          = "189",
      doi            = "10.1140/epjc/s10052-009-1072-5",
      year           = "2009",
      eprint         = "0901.0002",
      archivePrefix  = "arXiv",
      primaryClass   = "hep-ph",
}

@article{hhp,
      author         = "Harris, Robert M. and Hill, Christopher T. and Parke,
                        Stephen J.",
      title          = "Cross-section for topcolor {Z-prime(t)} decaying to t
                        anti-t: Version 2.6",
      year           = "1999",
      eprint         = "hep-ph/9911288",
      archivePrefix  = "arXiv",
      primaryClass   = "hep-ph",
}

@article{bhkr,
      author         = "Bai, Yang and Hewett, JoAnne L. and Kaplan, Jared and
                        Rizzo, Thomas G.",
      title          = "{LHC} Predictions from a Tevatron Anomaly in the Top Quark
                        Forward-Backward Asymmetry",
      journal        = "JHEP",
      volume         = "03",
      pages          = "003",
      doi            = "10.1007/JHEP03(2011)003",
      year           = "2011",
      eprint         = "1101.5203",
      archivePrefix  = "arXiv",
      primaryClass   = "hep-ph",
}

@Article{top_AFB1,
     author    = "Aaltonen, T. and others",
 collaboration = "CDF",
     title     = "Forward-Backward Asymmetry in Top Quark Production in
                  p$\bar{p}$ Collisions at $\sqrt{s}$ = 1.96 {TeV}",
     journal   = "Phys. Rev. Lett.",
     volume    = "101",
     year      = "2008",
     pages     = "202001",
     eprint    = "0806.2472",
     archivePrefix = "arXiv",
     primaryClass  =  "hep-ex",
     doi       = "10.1103/PhysRevLett.101.202001",
     SLACcitation  = "%%CITATION = 0806.2472;%%"
}

@Article{top_AFB2,
     author    = "Abazov, V. M. and others",
 collaboration = "D0",
     title     = "First measurement of the forward-backward charge asymmetry
                  in top quark pair production",
     journal   = "Phys. Rev. Lett.",
     volume    = "100",
     year      = "2008",
     pages     = "142002",
     eprint    = "0712.0851",
     archivePrefix = "arXiv",
     primaryClass  =  "hep-ex",
     doi       = "10.1103/PhysRevLett.100.142002",
     SLACcitation  = "%%CITATION = 0712.0851;%%"
}

@Article{top_AFB3,
     author    = "Aaltonen, T. and others",
 collaboration = "CDF",
     title     = "Evidence for a Mass Dependent Forward-Backward Asymmetry
                  in Top Quark Pair Production",
     journal   = "Phys. Rev.",
     volume    = "D83",
     year      = "2011",
     pages     = "112003",
     eprint    = "1101.0034",
     archivePrefix = "arXiv",
     primaryClass  =  "hep-ex",
     doi       = "10.1103/PhysRevD.83.112003",
     SLACcitation  = "%%CITATION = 1101.0034;%%"
}

@Article{top_AFB4,
     title = "Measurement of the forward-backward production asymmetry of $t$ and $\overline{t}$ quarks in $p\overline{p} to t\overline{t}$ events.",
     collaboration = "D0",
     journal   = "D0 Note",
     volume    = "6062-CONF",
     year="2010"
}

@Article{top_AFB5,
    title="Measurement of the Forward Backward Asymmetry in Top Pair Production in the Dilepton Decay Channel using 5.1 fb$^{-1}$.",
     collaboration = "CDF",
     journal   = "CDF Note",
     volume    = "10436",
     year="2011"
}

@Article{axigluon_ttbar_1,
     author    = "Frampton, Paul H. and Shu, Jing and Wang, Kai",
     title     = "Axigluon as Possible Explanation for $p\bar{p} \to
                  t\bar{t}$ Forward-Backward Asymmetry",
     journal   = "Phys. Lett. B",
     volume    = "683",
     year      = "2010",
     pages     = "294",
     eprint    = "0911.2955",
     archivePrefix = "arXiv",
     primaryClass  =  "hep-ph",
     doi       = "10.1016/j.physletb.2009.12.043",
     SLACcitation  = "%%CITATION = 0911.2955;%%"
}

@Article{axigluon_ttbar_2,
     author    = "Gresham, Moira I. and Kim, Ian-Woo and Zurek, Kathryn M.",
     title     = "On Models of New Physics for the Tevatron Top A\_FB",
     journal   = "Phys. Rev.",
     volume    = "D83",
     year      = "2011",
     pages     = "114027",
     eprint    = "1103.3501",
     archivePrefix = "arXiv",
     primaryClass  =  "hep-ph",
     doi       = "10.1103/PhysRevD.83.114027",
     SLACcitation  = "%%CITATION = 1103.3501;%%"
}
@Article{axigluon_ttbar_3,
     author    = "Antunano, Oscar and Kuhn, Johann H. and Rodrigo, German",
     title     = "Top quarks, axigluons and charge asymmetries at hadron
                  colliders",
     journal   = "Phys. Rev.",
     volume    = "D77",
     year      = "2008",
     pages     = "014003",
     eprint    = "0709.1652",
     archivePrefix = "arXiv",
     primaryClass  =  "hep-ph",
     doi       = "10.1103/PhysRevD.77.014003",
     SLACcitation  = "%%CITATION = 0709.1652;%%"
}


@Article{axigluon_ttbar_4,
     author    = "Godbole, Rohini M. and Choudhury, Debajyoti",
     title     = "Nonstandard, strongly interacting spin one t anti-t
                  resonances",
     year      = "2008",
     eprint    = "0810.3635",
     archivePrefix = "arXiv",
     primaryClass  =  "hep-ph",
     SLACcitation  = "%%CITATION = 0810.3635;%%"
}


@Article{cscp,
     author    = "Chivukula, R. Sekhar and Simmons, Elizabeth H. and Yuan, C.
                  -P.",
     title     = "Axigluons cannot explain the observed top quark forward-
                  backward asymmetry",
     journal   = "Phys. Rev.",
     volume    = "D82",
     year      = "2010",
     pages     = "094009",
     eprint    = "1007.0260",
     archivePrefix = "arXiv",
     primaryClass  =  "hep-ph",
     doi       = "10.1103/PhysRevD.82.094009",
     SLACcitation  = "%%CITATION = 1007.0260;%%"
}

@article{top_afb_implications1,
      author         = "Delaunay, Cedric and Gedalia, Oram and Hochberg, Yonit
                        and Perez, Gilad and Soreq, Yotam",
      title          = "Implications of the {CDF} $t \bar{t}$ Forward-Backward
                        Asymmetry for Hard Top Physics",
      journal        = "JHEP",
      volume         = "08",
      pages          = "031",
      doi            = "10.1007/JHEP08(2011)031",
      year           = "2011",
      eprint         = "1103.2297",
      archivePrefix  = "arXiv",
      primaryClass   = "hep-ph",
}

@article{top_afb_implications2,
      author         = "Aguilar-Saavedra, J.A. and Perez-Victoria, M.",
      title          = "Probing the Tevatron t tbar asymmetry at {LHC}",
      journal        = "JHEP",
      volume         = "05",
      pages          = "034",
      doi            = "10.1007/JHEP05(2011)034",
      year           = "2011",
      eprint         = "1103.2765",
      archivePrefix  = "arXiv",
      primaryClass   = "hep-ph",
}


@article{pdf4lhc,
      author         = "Watt, G.",
      title          = "Parton distribution function dependence of benchmark
                        Standard Model total cross sections at the 7 {TeV} {LHC}",
      journal        = "JHEP",
      volume         = "09",
      pages          = "069",
      doi            = "10.1007/JHEP09(2011)069",
      year           = "2011",
      eprint         = "1106.5788",
      archivePrefix  = "arXiv",
      primaryClass   = "hep-ph",
}

@ARTICLE{EXO-11-055,
     author       = "{CMS Collaboration}",
     title="Search for heavy narrow resonances decaying to ttbar in the muon+jets channel",
     JOURNAL      = "CMS PAS EXO-11-055",
     YEAR         = "2011"
     }

@ARTICLE{theta,
   author = "Muller, Thomas and Ott, Jochen and Wagner-Kuhr, Jeannine",
    title = "{theta} - a framework for template-based modeling and inference",
   journal = "CMS Internal Note",
   volume = "IN-2010/017",
   year = "2010",
   pages    = ""
}

@ARTICLE{TOP-11-013,
     author       = "{CMS Collaboration}",
     title="Top pair differential cross sections",
     JOURNAL      = "CMS PAS TOP-11-013",
     YEAR         = "2011"
     }

@article{Aliev:2010zk,
      author         = "Aliev, M. and others",
      title          = "{HATHOR}: HAdronic Top and Heavy quarks crOss section
                        calculatoR",
      journal        = "Comput. Phys. Commun.",
      volume         = "182",
      pages          = "1034",
      doi            = "10.1016/j.cpc.2010.12.040",
      year           = "2011",
      eprint         = "1007.1327",
      archivePrefix  = "arXiv",
      primaryClass   = "hep-ph"
}
@article{Langenfeld:2009wd,
      author         = "Langenfeld, U. and Moch, S. and Uwer, P.",
      title          = "Measuring the running top-quark mass",
      journal        = "Phys. Rev. D",
      volume         = "80",
      pages          = "054009",
      doi            = "10.1103/PhysRevD.80.054009",
      year           = "2009",
      eprint         = "0906.5273",
      archivePrefix  = "arXiv",
      primaryClass   = "hep-ph"
}
@article{Kidonakis:2010dk,
      author         = "Kidonakis, Nikolaos",
      title          = "Next-to-next-to-leading soft-gluon corrections for the
                        top quark cross section and transverse momentum
                        distribution",
      journal        = "Phys. Rev. D",
      volume         = "82",
      pages          = "114030",
      doi            = "10.1103/PhysRevD.82.114030",
      year           = "2010",
      eprint         = "1009.4935",
      archivePrefix  = "arXiv",
      primaryClass   = "hep-ph"
}	


@ARTICLE{cmsdijet8TeV,
     AUTHOR       = "CMS Collaboration",
     COLLABORATION= "CMS",
     TITLE        = "Search for Narrow Resonances using the Dijet Mass Spectrum with 19.6fb-1 of pp Collisions at sqrts=8 TeV",
      URL         = "http://cds.cern.ch/record/1519066?ln=en",
      JOURNAL     = "CMS Physics Analysis Summary",
      VOLUME      = "CMS-PAS-EXO-12-059",
      YEAR        = "2013"
     }

@ARTICLE{HH4b,
     AUTHOR       = "CMS Collaboration",
     COLLABORATION= "CMS",
     TITLE        = "Search for heavy resonances decaying into two Higgs bosons in hadronic final states",
      JOURNAL     = "CMS Physics Analysis Summary",
      VOLUME      = "CMS-PAS-EXO-12-053",
      YEAR        = "2013"
     }
@ARTICLE{HWlv,
     AUTHOR       = "CMS Collaboration",
     COLLABORATION= "CMS",
     TITLE        = "Search for a BSM resonance decaying into W and Higgs bosons in lvbb final state",
      JOURNAL     = "CMS Physics Analysis Summary",
      VOLUME      = "CMS-PAS-EXO-14-010",
      YEAR        = "2014"
     }



@ARTICLE{atlasdijet,
     AUTHOR       = "G. Aad",
     COLLABORATION= "ATLAS",
     TITLE        = "Search for new physics in the dijet mass distribution using 1/fb of pp collision data at $\sqrt{s}$ = 7 {TeV} collected by the {ATLAS} detector",
     JOURNAL      = "Phys. Lett. B",
     VOLUME       = "708",
     ISSUE        = "1-2",
     PAGES        = "37",
     YEAR         = "2011"
     }

@ARTICLE{CMS-PAS-EXO-11-026,
      AUTHOR      = "{CMS Collaboration}",
      TITLE       = "Search for New Physics with the Dijet Angular Ratio",
      URL         = "http://cdsweb.cern.ch/record/1430651",
      JOURNAL     = "CMS Physics Analysis Summary",
      VOLUME      = "CMS-PAS-EXO-11-026",
      YEAR        = "2012"
}







@ARTICLE{ref_axi,
     author    = "Frampton, Paul H. and Glashow, Sheldon L.",
     title     = "Chiral color: An alternative to the standard model",
     journal   = "Phys. Lett. B",
     volume    = "190",
     year      = "1987",
     doi       = "10.1016/0370-2693(87)90859-8",
     pages     = "157"
}

@Article{ref_coloron,
     author    = "Simmons, Elizabeth H.",
     title     = "Coloron phenomenology",
     journal   = "Phys. Rev. D",
     volume    = "55",
     year      = "1997",
     doi       = "10.1103/PhysRevD.55.1678",
     pages     = "1678",
     eprint    = "hep-ph/9608269",
     archivePrefix = "arXiv",
     primaryClass  =  "hep-ph",
}

@Article{ref_diquark,
     author    = "Hewett, JoAnne L. and Rizzo, Thomas G.",
     title     = "Low-energy phenomenology of superstring-inspired {$E_6$} models",
     journal   = "Phys. Rept.",
     volume    = "183",
     year      = "1989",
     doi       = "10.1016/0370-1573(89)90071-9",
     pages     = "193"
}

@Article{ref_trho,
     author    = "Lane, Kenneth and Mrenna, Stephen",
     journal   = "Phys. Rev.",
     volume    = "D67",
     year      = "2003",
     pages     = "115011"
}

@Article{ref_rsg,
     author    = "Randall, Lisa and Sundrum, Raman",
     title     = "An alternative to compactification",
     journal   = "Phys. Rev. Lett.",
     volume    = "83",
     year      = "1999",
     doi       = "10.1103/PhysRevLett.83.4690",
     pages     = "4690"
}

@Article{ref_gauge,
     author    = "Eichten, E. and Hinchliffe, I. and Lane, K. and Quigg, C.",
     title     = "Supercollider physics",
     journal   = "Rev. Mod. Phys.",
     volume    = "56",
     year      = "1984",
     doi       = "10.1103/RevModPhys.56.579",
     pages     = "579"
}

@Article{refCMS,
      AUTHOR      = "{CMS Collaboration}",
     journal   = "JINST",
     title     = "The {CMS} Experiment at the {CERN} {LHC}",
     volume    = "03",
     year      = "2008",
     pages     = "S08004",
     doi       = "10.1088/1748-0221/3/08/S08004"
}

@Article{refPTDR1,
     author    = "Bayatian, G. L. and others",
 collaboration = "CMS",
     note     = "CERN-LHCC-2006-001"
}

@Article{refSisCone,
     author    = "Salam, Gavin P. and Soyez, Gregory",
     journal   = "JHEP",
     volume    = "05",
     year      = "2007",
     pages     = "086"
}


@ARTICLE{refJECpas,
      AUTHOR      = "{CMS Collaboration}",
      TITLE       = "Plans for Jet Energy Corrections at {CMS}",
      URL         = "http://cdsweb.cern.ch/record/1194485",
      JOURNAL     = "CMS Physics Analysis Summary",
      VOLUME      = "\href{http://cdsweb.cern.ch/record/1194485}{CMS-PAS-JME-07-002}",
      YEAR        = "2007"
}


@ARTICLE{refJetAlgPAS,
      AUTHOR      = "{CMS Collaboration}",
      TITLE       = "Performance of Jet Algorithms in {CMS}",
      URL         = "http://cdsweb.cern.ch/record/1198227",
      JOURNAL     = "CMS Physics Analysis Summary",
      VOLUME      = "\href{http://cdsweb.cern.ch/record/1198227}{CMS-PAS-JME-07-003}",
      YEAR        = "2007"
}


@Article{refPYTHIA,
     author    = {Sj{\"o}strand, T. and others },
     title     = "High-energy-physics event generation with {PYTHIA} 6.1",
     JOURNAL      = "Comp. Phys. Commun.",
     volume    = "135",
     pages     = "238",
     doi       = "10.1016/S0010-4655(00)00236-8",
     year      = "2001"}



@Article{refNLO,
     author    = "Nagy, Zoltan",
     journal   = "Phys. Rev.",
     volume    = "D68",
     year      = "2003",
     pages     = "094002"
}




@Article{refCTEQ,
     author    = "Pumplin, J. and others",
     title     = "New generation of parton distributions with uncertainties from global {QCD} analysis",
     journal   = "JHEP",
     volume    = "07",
     year      = "2002",
     doi       = "10.1088/1126-6708/2002/07/012",
     pages     = "012"
}


@Article{refCDFrun2,
     author    = "Aaltonen, T. and others",
     title     = "Search for new particles decaying into dijets in proton-antiproton collisions at $\sqrt{s}$ = 1.96 {TeV}",
 collaboration = "CDF",
     journal   = "Phys. Rev. D",
     volume    = "79",
     year      = "2009",
     doi       = "10.1103/PhysRevD.79.112002",
     pages     = "112002"
}

@Article{Abe:1997hm,
     author    = "Abe, F. and others",
     title     = "Search for new particles decaying to dijets at {CDF}",
 collaboration = "CDF",
     journal   = "Phys. Rev.",
     volume    = "D55",
     year      = "1997",
     doi       = "10.1103/PhysRevD.55.R5263",
     pages     = "5263"
}

@ARTICLE{JME-08-003,
      AUTHOR      = "{CMS Collaboration}",
      TITLE       = "Determination of the Relative Jet Energy Scale at {CMS} from Dijet
	Balance",
      URL         = "http://cdsweb.cern.ch/record/1194488",
      JOURNAL     = "CMS Physics Analysis Summary",
      VOLUME      = "\href{http://cdsweb.cern.ch/record/1194488}{CMS-PAS-JME-08-003}",
      YEAR        = "2008"
}

@ARTICLE{JME-09-003,
      AUTHOR      = "{CMS Collaboration}",
      TITLE       = "Offset Energy Correction for Cone Jets",
      URL         = "http://cdsweb.cern.ch/record/1194490",
      JOURNAL     = "CMS Physics Analysis Summary",
      VOLUME      = "\href{http://cdsweb.cern.ch/record/1194490}{CMS-PAS-JME-09-003}",
      YEAR        = "2009"
}

@ARTICLE{JME-09-004,
      AUTHOR      = "{CMS Collaboration}",
      TITLE       = "Jet energy calibration with photon+jet events",
      URL         = "http://cdsweb.cern.ch/record/1194491",
      JOURNAL     = "CMS Physics Analysis Summary",
      VOLUME      = "\href{http://cdsweb.cern.ch/record/1194491}{CMS-PAS-JME-09-004}",
      YEAR        = "2009"
}

@ARTICLE{JME-09-005,
      AUTHOR      = "{CMS Collaboration}",
      TITLE       = "Determination of the jet energy scale using {$Z\to \Pep\Pem$} + jet
	$p_T$ balance and a procedure for combining data driven corrections",
      URL         = "http://cdsweb.cern.ch/record/1194492",
      JOURNAL     = "CMS Physics Analysis Summary",
      VOLUME      = "\href{http://cdsweb.cern.ch/record/1194492}{CMS-PAS-JME-09-005}",
      YEAR        = "2009"
}

@ARTICLE{JME-09-009,
      AUTHOR      = "{CMS Collaboration}",
      TITLE       = "Calibration of the absolute jet energy scale with {$Z(\rightarrow\Pgmp\Pgmm)$}
	+ jet events at {CMS}",
      URL         = "http://cdsweb.cern.ch/record/1195743",
      JOURNAL     = "CMS Physics Analysis Summary",
      VOLUME      = "\href{http://cdsweb.cern.ch/record/1195743}{CMS-PAS-JME-09-009}",
      YEAR        = "2009"
}

@Article{Cullen:2000ef,
     author    = "Cullen, Schuyler and Perelstein, Maxim and Peskin, Michael
                  Edward",
     title     = "{TeV} strings and collider probes of large extra dimensions",
     journal   = "Phys. Rev. D",
     volume    = "62",
     year      = "2000",
     doi       = "10.1103/PhysRevD.62.055012",
     pages     = "055012",
     eprint    = "hep-ph/0001166",
     archivePrefix = "arXiv",
     primaryClass  =  "hep-ph",
}
@Article{Anchordoqui:2008di,
     author    = "Luis A Anchordoqui and Haim Goldberg and Satoshi Nawata and Tomasz R Taylor",
     title     = "Jet signals for low mass strings at the {L}arge {H}adron {C}ollider",
     journal   = "Phys. Rev. Lett.",
     volume    = "100",
     year      = "2008",
     pages     = "171603",
     doi       = "10.1103/Physrevlett.100.171603",
     eprint    = "0712.0386",
     archivePrefix = "arXiv",
     primaryClass  =  "hep-ph",
}
@article{1126-6708-2008-04-063,
  author={Matteo Cacciari and Gavin P. Salam and Gregory Soyez},
  journal={JHEP},
  volume={04},
  pages={063},
  title="The anti-$k_T$ jet clustering algorithm",
  doi="10.1088/1126-6708/2008/04/063",
  year={2008}
}
@ARTICLE{JME-07-002-PAS,
      AUTHOR      = "{CMS Collaboration}",
      TITLE       = "Plans for Jet Energy Corrections at {CMS}",
      URL         = "http://cdsweb.cern.ch/record/1194485",
      JOURNAL     = "CMS Physics Analysis Summary",
      VOLUME      = "\href{http://cdsweb.cern.ch/record/1194485}{CMS-PAS-JME-07-002}",
      YEAR        = "2007"
}
@ARTICLE{JME-10-003-PAS,
      AUTHOR      = "{CMS Collaboration}",
      TITLE       = "Jet Performance in pp Collisions at $\sqrt{s}$ = 7 {TeV}",
      URL         = "http://cdsweb.cern.ch/record/1279362",
      JOURNAL     = "CMS Physics Analysis Summary",
      VOLUME      =  "CMS-PAS-JME-10-003",
      YEAR        = "2010"
}
@ARTICLE{EXO-10-010-PAS,
      AUTHOR      = "{CMS Collaboration}",
      TITLE       = "Search for Dijet Resonances in the Dijet Mass Distribution in 7 {TeV}
	pp Collisions at {CMS}",
      URL         = "http://cdsweb.cern.ch/record/1287571",
      JOURNAL     = "CMS Physics Analysis Summary",
      VOLUME      = "\href{http://cdsweb.cern.ch/record/1287571}{CMS-PAS-EXO-10-010}",
      YEAR        = "2010"
}
@ARTICLE{EWK-10-004-PAS,
      AUTHOR      = "{CMS Collaboration}",
      TITLE       = "Measurement of {CMS} Luminosity",
      URL         = "http://cdsweb.cern.ch/record/1279145",
      JOURNAL     = "CMS Physics Analysis Summary",
      VOLUME      = "\href{http://cdsweb.cern.ch/record/1279145}{CMS-PAS-EWK-10-004}",
      YEAR        = "2010"
}

@Article{ATLAS2010,
     author    = "Aad, Georges and others",
 collaboration = "ATLAS",
     title     = "Search for New Particles in Two-Jet Final States in 7 {TeV}
                  Proton-Proton Collisions with the {ATLAS} Detector at the
                  {LHC}",
     journal   = "Phys. Rev. Lett.",
     volume    = "105",
     year      = "2010",
     pages     = "161801",
     doi       = "10.1103/PhysRevLett.105.161801",
     SLACcitation  = "%%CITATION = 1008.2461;%%"
}

@Article{Khachatryan:2010jd,
     author    = "Khachatryan, Vardan and others",
 collaboration = "CMS",
     title     = "Search for Dijet Resonances in 7 {TeV} pp Collisions at
                  {CMS}",
     journal   = "Phys. Rev. Lett.",
     volume    = "105",
     year      = "2010",
     pages     = "211801",
     doi       = "10.1103/PhysRevLett.105.211801",
     SLACcitation  = "%%CITATION = 1010.0203;%%"
}



@Article{Aad:2011aj,
     author    = "Aad, Georges and others",
 collaboration = "ATLAS",
     title     = "Search for New Physics in Dijet Mass and Angular
                  Distributions in pp Collisions at $\sqrt{s}$ = 7 {TeV} Measured
                  with the {ATLAS} Detector",
     journal   = "New J. Phys.",
     volume    = "13",
     year      = "2011",
     pages     = "053044",
     doi       = "10.1088/1367-2630/13/5/053044",
     SLACcitation  = "%%CITATION = 1103.3864;%%"
}

@ARTICLE{JME-10-010-PAS,
     author       = "{CMS Collaboration}",
     TITLE        = "Jet Energy Corrections Determination at $\sqrt{s}$ = 7 {TeV}",
     JOURNAL     = "CMS Physics Analysis Summary",
     volume      = "\href{http://cms-physics.web.cern.ch/cms-physics/public/JME-10-010-pas.pdf}{CMS-PAS-JME-10-010}",
     YEAR         = "2010"
}
@ARTICLE{PFT-09-001-PAS,
      AUTHOR      = "{CMS Collaboration}",
      TITLE       = "Particle--Flow Event Reconstruction in {CMS} and Performance for Jets, Taus, and {\MET}",
      URL         = "http://cdsweb.cern.ch/record/1194487",
      JOURNAL     = "CMS Physics Analysis Summary",
      VOLUME      =  "CMS-PAS-PFT-09-001",
      YEAR        = "2009"
}
@Article{Baur:1989kv,
     author    = "Baur, U. and Spira, M. and Zerwas, P. M.",
     title     = "Excited Quark and Lepton Production at Hadron Colliders",
     journal   = "Phys. Rev. D",
     volume    = "42",
     year      = "1990",
     pages     = "815",
     doi       = "10.1103/PhysRevD.42.815",
     SLACcitation  = "%%CITATION = PHRVA,D42,815;%%"
}
@Article{Nakamura:2010zzi,
     author    = "Nakamura, K. and others",
 collaboration = "Particle Data Group",
     title     = "Review of particle physics",
     journal   = "J. Phys. G",
     volume    = "37",
     year      = "2010",
     pages     = "075021",
     doi       = "10.1088/0954-3899/37/7A/075021",
     SLACcitation  = "%%CITATION = JPHGB,G37,075021;%%"
}

@Article{Abdesselam:2010pt,
     author    = "Abdesselam, A. and others",
     title     = "Boosted objects: a probe of beyond the standard model physics",
     journal   = "Eur. Phys. J. C",
     volume    = "71",
     year      = "2011",
     pages     = "1661",
     doi       = "10.1140/epjc/s10052-011-1661-y",
     SLACcitation  = "%%CITATION = 1012.5412;%%"
}

@Article{Krohn:2009th,
     author    = "Krohn, David and Thaler, Jesse and Wang, Lian-Tao",
     title     = "Jet Trimming",
     journal   = "JHEP",
     volume    = "02",
     year      = "2010",
     pages     = "084",
     doi       = "10.1007/JHEP02(2010)084",
     SLACcitation  = "%%CITATION = 0912.1342;%%"
}

@TECHREPORT{modelCalc,
      AUTHOR      = "Gumus, Kazim and others",
      COLLABORATION = "CMS",
      TITLE       = "{CMS} Sensitivity to Dijet Resonances",
      TYPE     = "CMS Note",
      NUMBER      = "2006/070",
      URL = "http://cdsweb.cern.ch/record/962025",
      YEAR        = "2006"
}

@Article{Cacciari:2007fd,
     author    = "Cacciari, Matteo and Salam, Gavin P.",
     title     = "Pileup subtraction using jet areas",
     journal   = "Phys. Lett. B",
     volume    = "659",
     year      = "2008",
     pages     = "119",
     doi       = "10.1016/j.physletb.2007.09.077",
     SLACcitation  = "%%CITATION = 0707.1378;%%"
}


@TECHREPORT{SMP-12-008-PAS,
      COLLABORATION = "CMS",
      TITLE       = "CMS Luminosity Based on Pixel Cluster Counting Summer 2012 Update",
      AUTHOR      = "{CMS Collaboration}",
      URL         = "http://cds.cern.ch/record/1482193/files/?ln=en",
      TYPE        = "CMS Physics Analysis Summary",
      NUMBER      = "CMS-PAS-LUM-12-001",
      YEAR        = "2012"
}
@ARTICLE{ref:interpolation,
      AUTHOR      = "{CMS Collaboration}",
      TITLE       = "Plans to Search for New Physics Decaying to Dijets in pp Collisions at $\sqrt{s}$ = 10 {TeV}",
      JOURNAL     = "CMS Physics Analysis Summary",
      VOLUME      = "CMS-AN-2009-070",
      YEAR        = "2009"
}






@ARTICLE{hadronictop,
      AUTHOR      = "{CMS Collaboration}",
      TITLE       = "Search for anomalous t t-bar production in the highly-boosted all-hadronic final state",
      JOURNAL     = "JHEP",
     volume    = "1209",
     pages     = "029",
     doi       = "10.1007/JHEP09(2012)029",
     year      = "2012",
     eprint    = "1204.2488",
     archivePrefix = "arXiv",
     primaryClass  =  "hep-ex",

}






@ARTICLE{CMSexcitedPAS,
     author    = "{CMS Collaboration}",
     title     = "Search for New Physics with the Dijet Angular Ratio",
     journal   = "CMS Physics Analysis Summary",
      URL         = "https://cdsweb.cern.ch/record/1430651",
      VOLUME      = "\href{https://cdsweb.cern.ch/record/1430651}{CMS-PAS-EXO-11-026}",
     year      = "2012",
}

@ARTICLE{ATLASexcitedPAPER,
     author    = "{ATLAS Collaboration}",
     title     = "Search for New Physics in the Dijet Mass Distribution using 1/fb of pp Collision Data at $\sqrt{s}$ = 7 {TeV} collected by the {ATLAS} Detector",
     journal   = "Phys. Lett. B",
     volume    = "708",
     year      = "2012",
     pages     = "37",
     eprint    = "1108.6311",
     archivePrefix = "arXiv",
     primaryClass  =  "hep-ex",
     doi       = "10.1016/j.physletb.2012.01.035",
}

@ARTICLE{CMSexcitedPAPER,
      COLLABORATION = "CMS",
      TITLE       = "Search for resonances in the dijet mass spectrum from 7~{TeV} pp collisions at {CMS}",
      AUTHOR      = "Chatrchyan, Serguei and others",
      JOURNAL     = "Phys. Lett. B",
      VOLUME      = "704",
      PAGES       = "123",
      DOI         = "10.1016/j.physletb.2011.09.015",
      YEAR        = "2011"
}




@ARTICLE{CMSwprimePAS,
      COLLABORATION = "CMS",
      TITLE       = "Search for leptonic decays of {\PWpr} bosons in pp collisions at {$\sqrt{s}=7\TeV$}",
      AUTHOR      = "Chatrchyan, Serguei and others",
      JOURNAL     = "JHEP",
      VOLUME      = "08",
      PAGES       = "023",
      DOI         = "10.1007/JHEP08(2012)023",
      YEAR        = "2012"
}


@ARTICLE{CMSzprimePAPER,
     author    = "{CMS Collaboration}",
     collaboration = "CMS",
     title     = "Search for heavy narrow dilepton resonances in pp collisions at $\sqrt{s}$ = 7 {TeV} and $\sqrt{s}$ = 8 {TeV}",
     journal   = "Phys. Lett. B",
     volume    = "720",
     year      = "2013",
     pages     = "63",
     eprint    = "1212.6175",
     archivePrefix = "arXiv",
     primaryClass  =  "hep-ex",
     doi       = "10.1016/j.physletb.2013.02.003",
}

@ARTICLE{ATLASzprimePAPER,
     author    = "G. Aad and others",
     collaboration = "ATLAS",
     title     = "Search for high-mass dilepton resonances in pp collisions at $\sqrt{s}$ = 8 {TeV} using the {ATLAS} detector",
     journal   = "submitted to Phys. Rev D",
     volume    = "",
     year      = "2014",
     pages     = "28",
     eprint    = "1405.4123",
     archivePrefix = "arXiv",
     primaryClass  =  "hep-ex",
     doi       = "",
}

@ARTICLE{CMSwprimePAPERmu,
     author    = "{CMS Collaboration}",
     title     = "Search for a {W'} boson decaying to a muon and a neutrino in pp collisions at $\sqrt{s}$ = 7 {TeV}",
     journal   = "Phys. Lett. B",
     volume    = "701",
     year      = "2011",
     pages     = "160",
     doi       = "10.1016/j.physletb.2011.05.048",
     eprint    = "1103.0030",
     archivePrefix = "arXiv",
     primaryClass  =  "hep-ex",
}

@ARTICLE{CMSwprimePAPERe,
     author    = "{CMS Collaboration}",
     title     = "Search for a heavy gauge boson {W'} in the final state with an electron and large missing transverse energy in pp collisions at $\sqrt{s}$ = 7 {TeV}",
     journal   = "Phys. Lett. B",
     volume    = "698",
     year      = "2011",
     pages     = "21",
     doi       = "10.1016/j.physletb.2011.02.048",
}



@ARTICLE{CMSZZPAS1,
     author    = "{CMS Collaboration}",
     title     = "Search for exotic resonances decaying into {V+Z} using final states with a jet and a lepton pair",
     journal   = "CMS Physics Analysis Summary",
      URL         = "https://cdsweb.cern.ch/record/1444879",
      VOLUME      = "\href{https://cdsweb.cern.ch/record/1444879}{CMS-PAS-EXO-11-081}",
     year      = "2012",
}



%%%%%%%%%%%%% REF PAPER

@Article{pomarol,
     author    = "Ghergetta, T. and Pomarol, A.",
     title     = "Bulk Fields and Supersymmetry in a Slice of AdS",
     journal   = "Nucl. Phys. B",
     volume    = "586",
     year      = "2000",
     pages     = "141",
     doi       = "10.1016/S0550-3213(00)00392-8",
     SLACcitation  = "%%CITATION = HEP-PH 0003129;%%"
}
@Article{huber,
     author    = "Huber, S.J. and Shafi, Q.",
     title     = "Fermion Masses, Mixings and Proton Decay in a Randall-Sundrum Model",
     journal   = "Phys. Lett. B",
     volume    = "498",
     year      = "2001",
     pages     = "256",
     doi       = "10.1016/S0370-2693(00)01399-X",
     SLACcitation  = "%%CITATION = HEP-PH 0010195;%%"
}

@Article{Davoudiasl:2000wi,
  author =       "H. Davoudiasl and J. L. Hewett and T. G. Rizzo",
  title =        "Experimental probes of localized gravity: on and off
                 the wall",
  journal =      "Phys. Rev.",
  volume =       "D63",
  year =         "2001",
  pages =        "075004",
  eprint =       "hep-ph/0006041",
  archiveprefix = "arXiv",
  doi =          "10.1103/PhysRevD.63.075004",
  slaccitation = "%%CITATION = HEP-PH/0006041;%%",
}
@article{Chatrchyan:2011fq,
      author         = "Chatrchyan, Serguei and others",
      title          = "Search for signatures of extra dimensions in the
                        diphoton mass spectrum at the {Large Hadron Collider}",
      collaboration  = "CMS",
      year           = "2011",
      eprint         = "1112.0688",
      archivePrefix  = "arXiv",
      primaryClass   = "hep-ex",
      reportNumber   = "CMS-EXO-11-038, CERN-PH-EP-2011-173",
      SLACcitation   = "%%CITATION = ARXIV:1112.0688;%%",
}
@Article{Abazov:2010dj,
  author =       "Victor Mukhamedovich Abazov and others",
  title =        "Search for resonant {WW} and {WZ} production in ppbar
                 collisions at $\sqrt{s}$ = 1.96 {TeV}",
  collaboration = "D0",
  journal =      "Phys. Rev. Lett.",
  volume =       "107",
  pages =        "011801",
  doi =          "10.1103/PhysRevLett.107.011801",
  year =         "2011",
  eprint =       "1011.6278",
  archiveprefix = "arXiv",
  primaryclass = "hep-ex",
  reportnumber = "FERMILAB-PUB-10-485-E",
  slaccitation = "%%CITATION = ARXIV:1011.6278;%%",
}
@Article{Aaltonen:2010cf,
  author =       "T. Aaltonen and others",
  title =        "Search for {Randall-Sundrum} gravitons in the diphoton
                 channel at {CDF}",
  collaboration = "CDF",
  journal =      "Phys. Rev.",
  volume =       "D83",
  pages =        "011102",
  doi =          "10.1103/PhysRevD.83.011102",
  year =         "2011",
  eprint =       "1012.2795",
  archiveprefix = "arXiv",
  primaryclass = "hep-ex",
}
@article{Collaboration:2011dca,
      author         = "Aad, Georges and others",
      title          = "Search for dilepton resonances in pp collisions at
                        $\sqrt{s}$ = 7 {TeV} with the {ATLAS} detector",
      collaboration  = "ATLAS Collaboration",
      journal        = "Phys. Rev. Lett.",
      volume         = "107",
      pages          = "272002",
      year           = "2011",
      eprint         = "1108.1582",
      archivePrefix  = "arXiv",
      primaryClass   = "hep-ex",
      reportNumber   = "CERN-PH-EP-2011-123",
      SLACcitation   = "%%CITATION = ARXIV:1108.1582;%%",
}

@article{Contino:2011np,
      author         = "Contino, Roberto and Marzocca, David and Pappadopulo,
                        Duccio and Rattazzi, Riccardo",
      title          = "On the effect of resonances in composite Higgs
                        phenomenology",
      journal        = "JHEP",
      volume         = "10",
      pages          = "081",
      year           = "2011",
      eprint         = "1109.1570",
      archivePrefix  = "arXiv",
      primaryClass   = "hep-ph",
      reportNumber   = "CERN-PH-TH-2009-036",
      SLACcitation   = "%%CITATION = ARXIV:1109.1570;%%",
}

@article{Kaplan:1983fs,
      author         = "Kaplan, David B. and Georgi, Howard",
      title          = "{SU(2) x U(1)} Breaking by Vacuum Misalignment",
      journal        = "Phys. Lett. B",
      volume         = "136",
      pages          = "183",
      doi            = "10.1016/0370-2693(84)91177-8",
      year           = "1984",
      reportNumber   = "HUTP-83/A069",
      SLACcitation   = "%%CITATION = PHLTA,B136,183;%%",
}

@article{Agashe:2006at,
      author         = "Agashe, Kaustubh and Contino, Roberto and Da Rold,
                        Leandro and Pomarol, Alex",
      title          = "A Custodial symmetry for {Zb anti-b}",
      journal        = "Phys. Lett. B",
      volume         = "641",
      pages          = "62",
      doi            = "10.1016/j.physletb.2006.08.005",
      year           = "2006",
      eprint         = "hep-ph/0605341",
      archivePrefix  = "arXiv",
      primaryClass   = "hep-ph",
      reportNumber   = "CERN-PH-TH-2006-104, UAB-FT-603, SU-4252-829",
      SLACcitation   = "%%CITATION = HEP-PH/0605341;%%",
}

@article{Susskind:1978ms,
      author         = "Susskind, Leonard",
      title          = "Dynamics of Spontaneous Symmetry Breaking in the
                        {Weinberg-Salam} Theory",
      journal        = "Phys. Rev.",
      volume         = "D20",
      pages          = "2619",
      doi            = "10.1103/PhysRevD.20.2619",
      year           = "1979",
      reportNumber   = "SLAC-PUB-2142",
      SLACcitation   = "%%CITATION = PHRVA,D20,2619;%%",
}

@article{Weinberg:1979bn,
      author         = "Weinberg, Steven",
      title          = "Implications of Dynamical Symmetry Breaking: An
                        Addendum",
      journal        = "Phys. Rev.",
      volume         = "D19",
      pages          = "1277",
      doi            = "10.1103/PhysRevD.19.1277",
      year           = "1979",
      SLACcitation   = "%%CITATION = PHRVA,D19,1277;%%",
}

@article{Randall:1999ee,
      author         = "Randall, Lisa and Sundrum, Raman",
      title          = "A Large mass hierarchy from a small extra dimension",
      journal        = "Phys. Rev. Lett.",
      volume         = "83",
      pages          = "3370",
      doi            = "10.1103/PhysRevLett.83.3370",
      year           = "1999",
      eprint         = "hep-ph/9905221",
      archivePrefix  = "arXiv",
      primaryClass   = "hep-ph",
      reportNumber   = "MIT-CTP-2860, PUPT-1860, BUHEP-99-9",
      SLACcitation   = "%%CITATION = HEP-PH/9905221;%%",
}






@Unpublished{Composite0,
         author   =  "B. Bellazzini and C. Csaki and J. Serra",
         title = "Composite Higgses  ",
         eprint    = "1401.2457",
         archivePrefix = "arXiv",
         primaryClass  =  "hep-eh",
         year = "2014",
}


@article{Composite1,
      author         = "Contino, Roberto and Marzocca, David and Pappadopulo,
                        Duccio and Rattazzi, Riccardo",
      title          = "{On the effect of resonances in composite Higgs
                        phenomenology}",
      journal        = "JHEP",
      volume         = "1110",
      pages          = "081",
      doi            = "10.1007/JHEP10(2011)081",
      year           = "2011",
      eprint         = "1109.1570",
      archivePrefix  = "arXiv",
      primaryClass   = "hep-ph",
      reportNumber   = "CERN-PH-TH-2009-036",
      SLACcitation   = "%%CITATION = ARXIV:1109.1570;%%",
}

@article{Composite2,
      author         = "Marzocca, David and Serone, Marco and Shu, Jing",
      title          = "{General Composite Higgs Models}",
      journal        = "JHEP",
      volume         = "1208",
      pages          = "013",
      doi            = "10.1007/JHEP08(2012)013",
      year           = "2012",
      eprint         = "1205.0770",
      archivePrefix  = "arXiv",
      primaryClass   = "hep-ph",
      reportNumber   = "SISSA-11-2012-EP",
      SLACcitation   = "%%CITATION = ARXIV:1205.0770;%%",
}

@ARTICLE{Han:2003wu,
     author    = "Tao Han and Heather E. Logan and Bob McElrath and Lian-Tao Wang ",
     title     = "Phenomenology of the little Higgs model",
     journal   = "Phys. Rev. D",
     volume    = "67",
     pages     = "095004",
     eprint    = "0301040",
     archivePrefix = "arXiv",
     primaryClass  =  "hep-ph",
     year      = "2003",
     doi       = "10.1103/PhysRevD.67.095004",
}

@ARTICLE{cmstoptagging,
     author    = "D.E.Kaplan, K.Rehermann, M.D.Schwarzand B.Tweedie",
     title     = "Top tagging: A method for identifying boosted hadronically decaying top quarks",
     journal   = "Phys. Rev. Lett",
     volume    = "101",
     pages     = "142001",
     year      = "2008",
}

@article{Khachatryan:2014xja,
      author         = "Khachatryan, Vardan and others",
      title          = "{Search for new resonances decaying via WZ to leptons in
                        proton-proton collisions at $\sqrt s =$ 8 TeV}",
      collaboration  = "CMS",
      journal        = "Phys.\ Lett.\ B",
      volume         = "740",
      pages          = "83",
      doi            = "10.1016/j.physletb.2014.11.026",
      year           = "2015",
      eprint         = "1407.3476",
      archivePrefix  = "arXiv",
      primaryClass   = "hep-ex",
      reportNumber   = "CMS-EXO-12-025, CERN-PH-EP-2014-160",
      SLACcitation   = "%%CITATION = ARXIV:1407.3476;%%",
}

@article{Aad:2014pha,
      author         = "Aad, Georges and others",
      title          = "{Search for $WZ$ resonances in the fully leptonic channel
                        using $pp$ collisions at $\sqrt{s}$ = 8 TeV with the ATLAS
                        detector}",
      collaboration  = "ATLAS",
      journal        = "Phys.\ Lett.\ B",
      volume         = "737",
      pages          = "223",
      doi            = "10.1016/j.physletb.2014.08.039",
      year           = "2014",
      eprint         = "1406.4456",
      archivePrefix  = "arXiv",
      primaryClass   = "hep-ex",
      reportNumber   = "CERN-PH-EP-2014-094",
      SLACcitation   = "%%CITATION = ARXIV:1406.4456;%%",
}
@article{Aad:2014xka,
      author         = "Aad, Georges and others",
      title          = "{Search for resonant diboson production in the $\mathrm
                        {\ell \ell }q\bar{q}$ final state in $pp$ collisions at
                        $\sqrt{s} = 8$ TeV with the ATLAS detector}",
      collaboration  = "ATLAS",
      journal        = "Eur.\ Phys.\ J.\ C",
      volume         = "75",
      pages          = "69",
      doi            = "10.1140/epjc/s10052-015-3261-8",
      year           = "2015",
      eprint         = "1409.6190",
      archivePrefix  = "arXiv",
      primaryClass   = "hep-ex",
      reportNumber   = "CERN-PH-EP-2014-211",
      SLACcitation   = "%%CITATION = ARXIV:1409.6190;%%",
}

@article{Khachatryan:2014hpa,
      author         = "Khachatryan, Vardan and others",
      title          = "{Search for massive resonances in dijet systems
                        containing jets tagged as W or Z boson decays in pp
                        collisions at $ \sqrt{s} $ = 8 TeV}",
      collaboration  = "CMS",
      journal        = "JHEP",
      volume         = "08",
      pages          = "173",
      doi            = "10.1007/JHEP08(2014)173",
      year           = "2014",
      eprint         = "1405.1994",
      archivePrefix  = "arXiv",
      primaryClass   = "hep-ex",
      reportNumber   = "CMS-EXO-12-024, CERN-PH-EP-2014-071",
      SLACcitation   = "%%CITATION = ARXIV:1405.1994;%%",
}

@INPROCEEDINGS{punzi,
   author = {{Punzi}, G.},
    title = "{Sensitivity of Searches for New Signals and Its Optimization}",
booktitle = {Statistical Problems in Particle Physics, Astrophysics, and Cosmology},
     year = 2003,
   eprint = {physics/0308063},
   editor = {{Lyons}, L. and {Mount}, R. and {Reitmeyer}, R.},
    pages = {79},
   adsurl = {http://adsabs.harvard.edu/abs/2003sppp.conf...79P},
  adsnote = {Provided by the SAO/NASA Astrophysics Data System}
}

@article{ct10,
      author         = "Lai, Hung-Liang and Guzzi, Marco and Huston, Joey and Li,
                        Zhao and Nadolsky, Pavel M. and others",
      title          = "{New parton distributions for collider physics}",
      journal        = "Phys.\ Rev.\ D",
      volume         = "82",
      pages          = "074024",
      doi            = "10.1103/PhysRevD.82.074024",
      year           = "2010",
      eprint         = "1007.2241",
      archivePrefix  = "arXiv",
      primaryClass   = "hep-ph",
      reportNumber   = "MSUHEP-100707, SMU-HEP-10-10",
      SLACcitation   = "%%CITATION = ARXIV:1007.2241;%%",
}


@article{mstw08,
      author         = "Martin, A.D. and Stirling, W.J. and Thorne, R.S. and
                        Watt, G.",
      title          = "{Parton distributions for the LHC}",
      journal        = "Eur.\ Phys.\ J. C",
      volume         = "63",
      pages          = "189",
      doi            = "10.1140/epjc/s10052-009-1072-5",
      year           = "2009",
      eprint         = "0901.0002",
      archivePrefix  = "arXiv",
      primaryClass   = "hep-ph",
      reportNumber   = "IPPP-08-95, DCPT-08-190, CAVENDISH-HEP-08-16",
      SLACcitation   = "%%CITATION = ARXIV:0901.0002;%%",
}

@article{NNPDF,
      author         = "Ball, Richard D. and others",
      title          = "{Fitting Parton Distribution Data with Multiplicative
                        Normalization Uncertainties}",
      collaboration  = "NNPDF",
      journal        = "JHEP",
      volume         = "05",
      pages          = "075",
      doi            = "10.1007/JHEP05(2010)075",
      year           = "2010",
      eprint         = "0912.2276",
      archivePrefix  = "arXiv",
      primaryClass   = "hep-ph",
      reportNumber   = "EDINBURGH-2009-22, IFUM-950-FT, FREIBURG-PHENO-09-09,
                        CP3-09-51",
      SLACcitation   = "%%CITATION = ARXIV:0912.2276;%%",
}


@article{Alekhin:2011sk,
      author         = "Alekhin, Sergey and Alioli, Simone and Ball, Richard D.
                        and Bertone, Valerio and Blumlein, Johannes and others",
      title          = "{The PDF4LHC Working Group Interim Report}",
      year           = "2011",
      eprint         = "1101.0536",
      archivePrefix  = "arXiv",
      primaryClass   = "hep-ph",
      SLACcitation   = "%%CITATION = ARXIV:1101.0536;%%",
}



@article{EXO-13-009,
      author         = "Khachatryan, Vardan and others",
      title          = "{Search for massive resonances decaying into pairs of
                        boosted bosons in semi-leptonic final states at $\sqrt{s}=$ 8 TeV}",
      collaboration  = "CMS",
      journal        = "JHEP",
      volume         = "08",
      pages          = "174",
      doi            = "10.1007/JHEP08(2014)174",
      year           = "2014",
      eprint         = "1405.3447",
      archivePrefix  = "arXiv",
      primaryClass   = "hep-ex",
      reportNumber   = "CMS-EXO-13-009, CERN-PH-EP-2014-076",
      SLACcitation   = "%%CITATION = ARXIV:1405.3447;%%",
}
@unpublished{cms-HZ-tautaujet,
      author         = "Khachatryan, Vardan and others",
      title          = "{Search for narrow high-mass resonances in proton-proton
                        collisions at sqrt(s) = 8 TeV decaying to Z and Higgs
                        bosons}",
      note           = "Submitted to Phys.\ Lett.\ B",
      collaboration  = "CMS",
      year           = "2015",
      eprint         = "1502.04994",
      archivePrefix  = "arXiv",
      primaryClass   = "hep-ex",
      reportNumber   = "CMS-EXO-13-007, CERN-PH-EP-2015-010",
      SLACcitation   = "%%CITATION = ARXIV:1502.04994;%%",
}


@article{Aad:2015yza,
      author         = "Aad, Georges and others",
      title          = "{Search for a new resonance decaying to a $W$ or $Z$
                        boson and a Higgs boson in the $\ell \ell/ \ell \nu/ \nu
                        \nu + b \bar{b}$ final states with the ATLAS Detector}",
      collaboration  = "ATLAS",
      year           = "2015",
      eprint         = "1503.08089",
      archivePrefix  = "arXiv",
      primaryClass   = "hep-ex",
      reportNumber   = "CERN-PH-EP-2015-052",
      SLACcitation   = "%%CITATION = ARXIV:1503.08089;%%",
}

@article{Khachatryan:2014kcaCMSHiggs1,
      author         = "Khachatryan, Vardan and others",
      title          = "{Constraints on the spin-parity and anomalous HVV
                        couplings of the Higgs boson in proton collisions at 7 and
                        8 TeV}",
      collaboration  = "CMS",
      year           = "2014",
      eprint         = "1411.3441",
      archivePrefix  = "arXiv",
      primaryClass   = "hep-ex",
      reportNumber   = "CMS-HIG-14-018, CERN-PH-EP-2014-265",
      SLACcitation   = "%%CITATION = ARXIV:1411.3441;%%",
}

@article{Khachatryan:2014jbaCMSHiggs2,
      author         = "Khachatryan, Vardan and others",
      title          = "{Precise determination of the mass of the Higgs boson and
                        tests of compatibility of its couplings with the standard
                        model predictions using proton collisions at 7 and 8 TeV}",
      collaboration  = "CMS",
      year           = "2014",
      eprint         = "1412.8662",
      archivePrefix  = "arXiv",
      primaryClass   = "hep-ex",
      reportNumber   = "CMS-HIG-14-009, CERN-PH-EP-2014-288",
      SLACcitation   = "%%CITATION = ARXIV:1412.8662;%%",
}

@article{AtlasHiggs1,
      author         = "{The ATLAS collaboration}",
      title          = "{Study of the spin and parity of the Higgs boson in HVV
                        decays with the ATLAS detector}",
      year           = "2015",
      reportNumber   = "ATLAS-CONF-2015-008, ATLAS-COM-CONF-2015-006",
      SLACcitation   = "%%CITATION = ATLAS-CONF-2015-008 ETC.;%%",
}





